3258 5282
319 286 381 348 426

320 471 374 550 την
407 475 463 530 τῶν
490 469 583 528 θείων
609 470 663 530 καί
688 464 774 549 ίιρῶν
799 469 933 530 κανόνων
961 462 1120 550 ἀκρίβειαν
1144 468 1312 550 ποιμαίνειν
1341 465 1456 537 καλῶς
1488 467 1538 528 καί

320 589 401 646 κατὰ
422 586 485 646 τόν
510 587 705 668 προσήκοντα
730 586 822 662 λόγον
849 586 902 667 τὴν
928 581 995 646 κατ’
1023 579 1114 646 αὐτόν
1147 581 1318 667 άγιωτάτην
1350 583 1536 666 ἐκκλησίαν,

321 701 375 764 ἅττ
391 704 435 786 ,δὴ
456 704 694 785 πολυάνθρωπον
717 701 811 766 οὖσαν
833 702 887 766 καὶ
908 703 1039 772 πολλούς
1054 703 1123 772 τούς
1147 703 1383 786 πλησιοχώρους
1400 702 1538 785 ἔχουσαν

320 823 398 892 τούςΙ
412 823 453 905 μὴ
475 825 677 905 πειθομένους
698 834 736 906 τῇ
758 824 916 906 καθολικη
938 826 993 884 καί
1017 819 1205 904 ἀποστολικη
1233 820 1399 905 ἐκκλησία.
1433 823 1540 882 τούτου

323 937 374 1002 ούν
401 944 452 1004 τόν
478 945 587 1024 τρόπον
614 951 717 1004 τοῦτον
745 938 936 1024 ἀναχθέντος
961 944 1015 1003 καί
1041 940 1310 1010 ἀποκαταστάντος
1336 939 1381 1009 εἰς
1421 942 1540 1002 τέλειον

323 1059 543 1144 μητροπολίτην
569 1059 689 1140 Κυέβου
714 1063 768 1122 καί
792 1063 894 1142 πάσης
919 1057 1048 1129 Ῥωσίας
1074 1063 1127 1120 καί
1155 1060 1386 1142 ἐκπεμφθέντας
1424 1059 1541 1130 καλῶς,

320 1178 552 1260 καταλαμβάνει
575 1181 651 1260 μετὰ
674 1179 781 1259 μικρὸν
803 1175 858 1238 καὶ
879 1173 1070 1258 δὶερύτατος
1085 1176 1307 1260 μητρυπολίτης
1322 1174 1464 1256 Λιτβιῖεν,
1488 1183 1542 1254 κύρ

320 1295 483 1380 Ῥωμανάς,
510 1297 667 1381 ἀγαπητός
689 1301 769 1358 κατὰ
796 1298 897 1380 κύριον
926 1294 1057 1380 ἀδελρύς
1078 1303 1132 1376 της
1153 1291 1239 1377 ἡμῶν
1262 1297 1469 1378 μετριότητος
1491 1295 1544 1354 καί

321 1416 562 1497 συλλειτυυργός,
585 1419 639 1478 καί
661 1427 879 1498 χειροτονεῖται
893 1418 946 1476 καί
969 1408 1056 1482 ούτος
1079 1412 1301 1498 μητρυπολίτης
1322 1410 1463 1493 Λιτβῶν,
1488 1408 1543 1474 ὅσ·

321 1553 365 1601 τις
387 1536 440 1593 καί
463 1531 505 1601 είς
527 1533 580 1615 την
602 1533 748 1594 δοθεῖσαν
764 1527 845 1613 αύτῷ
870 1531 1019 1612 ἐπαρχίαν
1047 1527 1296 1614 ἐπαναστραφεὶς,
1318 1531 1475 1592 πλειόνων
1500 1528 1545 1592 ἐτι

322 1647 577 1731 ἀντιποιούμενος,
603 1653 658 1712 καὶ
678 1650 730 1712 διὰ
756 1659 844 1712 τούτο
873 1647 910 1711 δι’
936 1647 1033 1730 ὄχλρο
1055 1651 1212 1730 γινόμενος
1233 1646 1276 1729 τῷ
1297 1645 1455 1730 ἱερωτάτην
1481 1668 1544 1729 μη-

320 1769 481 1850 τροπολίτη
503 1766 624 1848 Κυέβου
645 1772 699 1828 καί
720 1769 822 1850 πάσης
840 1766 977 1842 Ῥωσίας,
1000 1767 1041 1848 τῷ
1061 1775 1117 1847 κύρ
1133 1763 1269 1846 Ἀλεξίφ,
1293 1769 1348 1828 καί
1370 1777 1436 1834 τόίς
1463 1762 1542 1846 ἀνὴ·

320 1906 410 1948 κυυσι
432 1887 564 1954 δικαίοις
591 1881 680 1968 αύτῷ,
708 1885 762 1947 καὶ
789 1885 967 1948 σκανδάλων
991 1886 1100 1968 μεταξύ
1124 1880 1221 1946 αύτύν
1244 1884 1543 1967 μεσολαβησάντσιν,

318 2006 550 2086 καταλαμβάνει
572 1995 707 2066 ἐνταῦθα
727 2007 803 2086 πρός
825 2025 857 2066 τε
879 2006 930 2066 τόν
953 2004 990 2065 ἐκ
1012 2007 1089 2065 θεοῦ
1111 2007 1274 2084 κράτιστον
1297 2007 1352 2064 καὶ
1370 2000 1467 2080 ἅγιόν
1483 2021 1543 2084 μου

319 2118 530 2204 αὐτοκράτορα
551 2125 605 2184 καί
625 2126 699 2204 πρός
721 2123 773 2205 την
796 2097 880 2206 ἡμῶν
905 2123 1084 2204 μετριότητα
1105 2124 1159 2182 καί
1181 2121 1234 2200 τήν
1249 2125 1317 2201 περί
1332 2115 1428 2202 αὐτὴν
1445 2123 1542 2182 θείαν

317 2244 371 2302 καί
392 2239 472 2323 ίεράν
495 2241 630 2326 σύνοδον,
655 2239 761 2324 ζητῶν,
784 2238 861 2323 άπερ
884 2239 1026 2320 ἐβούλετο
1042 2243 1096 2300 καί
1112 2237 1250 2320 ἐπειρᾶτο
1271 2241 1428 2320 κατέχειν,
1455 2235 1497 2298 δι’
1521 2235 1541 2297 ά

317 2359 427 2440 συνέβη
450 2363 502 2420 καί
521 2361 558 2420 ,τό
581 2359 690 2440 μεταξύ
714 2354 810 2421 αύτων
832 2357 1018 2420 σκάνδαλον·
1044 2357 1236 2439 μετακλητου
1252 2359 1349 2417 τοίνυν
1373 2358 1540 2436 γινομένου

315 2482 369 2539 καί
390 2485 442 2538 τού
465 2475 627 2558 ἱερωτάτου
654 2479 875 2560 μητροπολίτυυ
889 2475 1009 2557 Κοέβου
1032 2481 1087 2537 καί
1110 2477 1212 2559 πάσης
1234 2473 1373 2549 Ῥωσίας,
1397 2483 1454 2536 τού
1478 2481 1537 2553 κύρ

317 2592 463 2670 Ἀλεξίου,
485 2601 538 2658 καί
562 2597 698 2659 ἐνταῦθα
721 2595 981 2678 ἐπιδεδημηκότος
1008 2593 1051 2664 εἰς
1073 2595 1127 2677 τὴν
1149 2594 1356 2665 θεοδύέαστον
1378 2597 1433 2654 καί
1457 2595 1537 2655 θεσ-

319 2715 505 2794 μεγάλωντον
531 2713 858 2788 Κωνσταντινούπολιν,
893 2717 947 2776 καί
972 2715 1089 2775 πάντων
1120 2721 1177 2772 τῶν
1203 2707 1425 2792 εὑρισκομένων
1448 2731 1538 2794 τηνι-

315 2839 415 2894 καύτα
438 2829 603 2914 ἱερωτάτων
627 2831 791 2915 ἀρχιερέων
815 2830 863 2894 ἐπί
884 2835 918 2892 τύ
941 2828 1015 2892 αὐτὰ
1043 2831 1251 2893 συνελθόντων
1272 2833 1329 2890 καί
1349 2827 1433 2910 ἱερᾶς
1456 2848 1535 2903 συγ-

317 2951 525 3032 κροτηθείσης
541 2950 677 3025 συνόδου,
685 2953 926 3033 προκαθημένου
941 2957 994 3011 τού
1009 2953 1173 3031 κρατίστου
1188 2953 1247 3010 καί.
1257 2944 1347 3024 ἀγίου
1363 2970 1422 3030 μου
1437 2945 1536 3010 αὐτοι·
1622 3003 1623 3006 ,

316 3069 477 3148 κράτορος,
497 3067 616 3150 ,πολλῆς
639 3065 802 3149 ἐξετάσεως
825 3071 990 3150 γενομένης
1005 3070 1094 3150 χάριν
1111 3077 1168 3128 τῶν
1181 3062 1251 3148 παρ’
1268 3063 1446 3150 ἀμφοτέρων
1461 3065 1535 3126 τού·

317 3203 374 3246 των
407 3193 464 3246 τῶν
495 3181 660 3267 ἀρχιερέων
692 3187 879 3267 κινηθέντων
912 3187 1021 3262 λόγων,
1053 3189 1289 3270 προηγουμένως
1316 3188 1372 3268 μέν
1405 3183 1533 3267 ἐτάχθη

318 3301 395 3364 εἶναι
416 3306 469 3383 καί
491 3297 691 3384 εύρίσκεσθαι
713 3300 729 3363 ὁ
752 3302 912 3384 ἱερώτατος
936 3306 1157 3388 μητροπολίτης
1182 3312 1241 3386 κύρ
1263 3301 1409 3376 Ἀλέξιος,
1433 3299 1535 3381 ὥσπερ

318 3419 539 3504 ἐχειροτονήθη
563 3422 615 3502 τὴν
642 3417 740 3503 ἀρχὴν
762 3421 883 3499 Κυέβου
909 3420 963 3482 καί
987 3425 1089 3505 πάσης
1111 3421 1239 3490 Ῥωσίας
1266 3424 1348 3482 κατὰ
1374 3421 1428 3503 τὴν
1452 3420 1533 3484 ἀνω·

317 3542 374 3599 θεν
397 3537 644 3622 ἐπικρατήσασαν
668 3541 845 3621 συνήθειαν·
869 3545 936 3622 περί
959 3545 1062 3622 μέντοι
1083 3549 1136 3604 τού
1159 3539 1322 3623 ἱερωτάτου
1345 3540 1533 3622 μητροπολί-
1624 3613 1625 3622 ¹

318 3679 370 3719 τωο
392 3666 450 3739 κύρ
469 3656 636 3739 Ῥωμανού,
658 3656 699 3726 ὣς
721 3661 979 3742 χειροτονηθέντα
1000 3664 1054 3722 καί
1076 3656 1167 3721 αύτύν
1182 3658 1312 3738 Λιτβιίιν,
1335 3655 1533 3740 διωρίσατοδ
1624 3629 1625 3670 ³

317 3778 479 3855 κράτιστος
501 3780 555 3837 καί
576 3773 664 3852 ἅγιός
687 3797 744 3858 μου
772 3771 967 3858 αὐτοκράτωρ
994 3780 1255 3856 σωγκαταβάσεως
1280 3779 1363 3857 λόγῳ
1389 3781 1445 3838 καί
1468 3747 1536 3859 ἅμα.
1624 3853 1625 3856 ¹

318 3893 370 3954 διά
392 3894 445 3974 την
469 3891 692 3976 ἀνενοχλησίαν
715 3897 767 3956 καί
794 3893 914 3978 εἰρήνην
941 3903 993 3956 τού
1020 3895 1120 3958 ἐκεῖσε
1146 3901 1238 3959 τόπου
1270 3896 1354 3979 ἔχειν
1381 3899 1436 3958 σύν
1469 3907 1533 3964 ταῖς

318 4009 424 4080 σύσαις
448 4021 483 4093 τῇ
505 4021 562 4073 των
585 4009 704 4092 Λιτβων
727 4010 859 4095 ἐπαρχία
881 4015 963 4074 δυσὶν
988 4011 1174 4088 ἐπισκοπαίς,
1203 4017 1237 4077 τύ
1259 4013 1457 4084 Πωλότζικον
1479 4018 1531 4075 καί

320 4131 353 4190 τό
373 4127 534 4209 Τυύροβον
561 4134 638 4211 μετὰ
664 4135 718 4193 καί
744 4139 796 4194 τού
823 4129 1146 4212 Νοβογραδοπουλίοο,
1174 4141 1227 4194 τοῦ
1252 4135 1451 4214 καθίσματος
1480 4140 1531 4192 τοῦ

320 4246 551 4328 μητροπολίτου,
585 4253 714 4320 καὶτὰς
746 4260 799 4334 τῆς
826 4260 938 4332 μικράς
962 4247 1091 4318 Ῥωσίας
1118 4241 1294 4322 ἐπισκοτάς,
1328 4248 1402 4331 ὅπερ
1424 4251 1530 4325 διέγνω

318 4370 371 4426 καί
395 4364 569 4450 ἀπεφήνατο
592 4364 610 4450 ἡ
638 4371 798 4451 μετριότης
825 4365 923 4451 ἡμῶν,
951 4367 1032 4431 ἀλλὰ
1059 4369 1098 4450 δὴ
1124 4369 1178 4431 καὶ
1203 4366 1223 4453 ἡ
1244 4373 1312 4452 περὶ
1338 4367 1433 4450 αύτίχν
1459 4371 1531 4430 θεία

319 4486 373 4544 καί
395 4483 460 4565 ἱερά
483 4486 620 4560 σύνοδος,
642 4485 725 4567 ἔχειν
748 4490 781 4547 τό
806 4491 929 4568 στέργον
955 4491 1008 4548 καί
1035 4489 1158 4567 βέβαιον
1184 4492 1265 4549 κατὰ
1292 4489 1345 4570 τήν
1368 4485 1417 4547 ἐπὶ
1438 4489 1529 4566 τούτῳ
