3314 5266
1265 312 1328 376 559

109 504 248 569 τοιοῦτος
268 496 432 580 ίεριίτατος
458 496 682 581 μητροπολίτης
703 495 830 580 Δράμας
851 499 904 558 καί
931 494 1114 568 ἐπισκόπους
1134 508 1327 582 χειροτονεῖν

109 616 141 680 ἀν
164 628 230 689 ταῖς
252 615 299 679 ύπ·
322 613 415 700 αύτην
437 613 618 700 ἀκκλησίαις
651 613 725 694 ἀνευ
746 619 849 698 μέντοι
870 623 925 698 της
949 612 1116 701 ίπισκοπης
1146 623 1200 679 τού
1222 615 1327 680 Πολυ-

109 739 236 811 οτύλου,
260 735 364 818 ίπειδη
388 730 464 818 αύτη
487 733 609 818 ίφθασε
630 736 688 817 πρό
710 735 829 818 χρόνων
851 735 941 818 ψήφῳ
967 733 1113 818 συνοδικη
1139 738 1194 798 καί
1214 755 1328 818 προσε·

108 859 189 938 τίθη
212 864 250 938 ιη
274 851 499 936 ἀρχιεπισκυπη
520 850 713 933 Μαρωνείας,
736 847 771 914 ού
794 853 852 934 μὴν
875 849 956 914 ἀλλὰ
980 856 1034 914 καί
1056 849 1085 914 οἱ
1110 859 1161 914 νῖν
1183 847 1328 934 εύμισκό-

109 993 197 1054 μενοι
220 969 253 1034 ἀν
274 982 339 1040 ταῖς
382 968 561 1040 ἀπισκοπαῖς
583 979 638 1053 της
660 970 803 1054 τοιαύτης
825 967 997 1053 ἁγιωτάτης
1030 971 1243 1053 μητροπόλεως
1265 969 1328 1035 Φι-

109 1092 226 1154 λίππων
242 1087 404 1152 ἀπίσκοποι
418 1086 603 1172 (όφείλουσι)
619 1091 754 1171 στίργετν
769 1095 875 1150 τοῦτον
891 1085 950 1152 ἀπό
966 1095 1020 1152 τού
1034 1097 1095 1164 νῦν,
1114 1085 1156 1160 ὣς
1171 1109 1328 1172 μητροπο-

108 1210 197 1293 λίπῃ
209 1207 290 1270 ίδων
301 1203 401 1270 dm
409 1209 465 1269 καί
473 1207 623 1291 κεφαλὴν,
633 1209 688 1268 καί
698 1207 897 1290 μνημονεύειν
908 1201 1001 1269 αὐτοῦ
1011 1209 1093 1268 κατά
1104 1207 1160 1290 την
1170 1205 1327 1271 ἀνίκαθεν

109 1335 164 1410 της
185 1323 356 1408 ἀκκλησίας
369 1323 549 1407 παράδοσιν·
565 1325 693 1397 καθίξει
712 1342 748 1400 γε
768 1323 826 1406 μὴν
842 1321 859 1384 ύ
876 1330 1012 1394 τοιοῦτος
1027 1327 1081 1385 καί
1096 1326 1147 1387 τόν
1164 1327 1254 1386 τόπον
1274 1333 1328 1388 τοῦ

108 1442 280 1516 Φιλίππων,
303 1440 337 1503 όν
358 1443 413 1504 καί
436 1438 496 1504 ἀπδ
517 1447 571 1503 τού
593 1448 644 1503 νύν
664 1437 726 1514 ίξει
749 1439 781 1503 δν
803 1461 836 1503 τε
858 1421 986 1504 στάσεσι
1006 1445 1061 1504 καί
1075 1442 1248 1523 καθίδραις
1262 1453 1329 1514 ταίς

109 1565 187 1644 μετὰ
209 1570 264 1644 τῆς
286 1557 370 1643 ἱεράς
390 1564 446 1623 καί
467 1559 607 1643 μεγάλης
628 1561 756 1624 συνόδου
777 1563 832 1622 καί
844 1567 1014 1644 πανταχοῦ.
1036 1560 1083 1643 τμ-
1099 1563 1225 1644 τοιούτιρ
1240 1559 1328 1645 ἱερω-

108 1686 191 1764 τάτιρ
214 1680 422 1765 μητροπολίτη
444 1677 571 1761 Δράμας
594 1675 776 1762 ἀνατίθησιν
808 1673 828 1763 ἡ
851 1681 1013 1762 μετριότης
1033 1675 1124 1763 ἡμῶν
1152 1681 1206 1764 τὴν
1239 1678 1329 1765 ἰξαρ.

107 1805 181 1884 χόαν
204 1803 260 1862 καί
281 1799 433 1881 διοίκησιν
455 1805 513 1859 των
528 1803 756 1880 πατριαρχικόν
769 1799 889 1858 πάντων
904 1797 1032 1858 δικαίων
1046 1805 1105 1860 τῶν
1127 1795 1159 1860 ἀν
1181 1809 1218 1882 τη
1242 1797 1327 1884 ἀρχῇ

109 1924 163 1982 καί
198 1915 379 1998 ἱπικρατείφ
409 1918 494 1998 πάση
517 1923 571 1978 τού
594 1909 816 1998 εὐτυχεστάτου
841 1914 992 1978 δεσπότου
1011 1913 1151 1998 Σερβίας,
1184 1914 1217 1978 ἀν
1249 1916 1329 2001 ἀγίμ

64 2025 67 2032 ’
109 2039 258 2120 πνεύματι
278 2039 499 2098 ποθεινοτάτοο
520 2033 587 2096 υἱού
609 2042 663 2118 τῆς
687 2029 774 2117 ἡμῶν
797 2037 1001 2118 μετριότητος,
1034 2043 1091 2117 κύρ
1112 2033 1251 2101 Ἰωάννου
1274 2045 1328 2100 τού

109 2153 290 2237 θύγκλεση,
314 2149 397 2224 ὅστις
418 2155 472 2216 καί
493 2149 610 2246 ὀφείλει
631 2149 800 2232 λπιβλίπειν
822 2156 877 2214 καί
898 2149 1045 2235 ίπιτηρεῖν
1068 2155 1107 2216 τά
1120 2159 1329 2238 πατριαρχικόι

109 2273 302 2356 μοναστήρια
332 2267 388 2334 καί
419 2271 490 2341 τούς
516 2273 623 2341 θείους
643 2270 813 2348 ναούςκαί
837 2267 936 2332 τάλλα
956 2271 1056 2334 πάντα
1077 2276 1142 2335 καί
1173 2285 1340 2354 παραινεῖν.

108 2395 164 2455 καί
187 2389 384 2473 εἰσηγεῖσθαι
405 2398 467 2459 τοῖς
489 2385 520 2450 ίν
543 2383 646 2458 αύτοῖς
661 2385 1076 2471 εύρισκομίνοιςὶερωμίνοις
1091 2394 1146 2452 καί
1162 2393 1345 2473 μονάίουσιιΙ

109 2513 164 2572 καί
186 2505 229 2589 τῷ
252 2505 351 2588 λοιπηῐ
371 2507 571 2588 χριστωνύμιρ
592 2514 646 2568 τού
668 2509 773 2588 κυρίου
795 2505 861 2588 λαμ
884 2507 1101 2592 τὰψυχωφελῆ
1114 2511 1168 2570 καί
1182 2512 1328 2592 σωτήρια,

110 2623 328 2708 ἐπιμελεῖσθαί
346 2645 378 2686 τε
400 2627 455 2696 καί
475 2626 643 2708 φροντίζειν
664 2632 722 2685 τῶν
745 2623 872 2686 δικαίων
893 2625 1005 2686 τούτων
1025 2628 1144 2690 πάντων
1161 2630 1216 2689 καί
1238 2624 1328 2690 ἀντί-

109 2746 231 2829 χεσθαι
252 2752 311 2806 τῶν
332 2745 504 2826 προσόντων
527 2737 629 2812 αύτοῖς
650 2745 813 2824 κτημάτων
845 2763 878 2804 τε
900 2746 955 2805 καί
978 2746 1165 2826 πραγμάτων
1195 2748 1250 2808 καί
1271 2756 1330 2808 τῶν

108 2865 224 2927 λοιπῶν
245 2865 300 2924 καί
320 2863 420 2924 πάντα
441 2859 603 2942 διενεργεῖν
626 2856 790 2932 ἀκωλύτως
817 2863 856 2923 τά
877 2869 931 2945 της
952 2856 1038 2944 ἡμῶν
1064 2865 1258 2947 μετριότητος
1279 2865 1329 2926 δί-

108 3001 196 3055 καια,
210 2978 270 3041 εἴτε
282 2977 313 3040 ἀν
326 2978 546 3061 μητροπόλεσιν
559 2973 762 3059 εὑρίσκονται,
774 2977 834 3040 εἴτε
846 2975 878 3040 ἀν
888 2975 1079 3055 ίπιοκοπαῖς,
1091 2979 1151 3044 εἴτε
1163 2985 1217 3056 καί
1229 2979 1331 3046 ἀλλα·

110 3107 183 3180 χοῖ,
219 3099 274 3157 καί
296 3093 461 3178 ἱερουργεῖν
483 3091 515 3156 ἀν
548 3091 649 3165 αύτοῖς
680 3097 735 3156 καί
757 3095 953 3171 ἀναγνώστας
973 3105 1079 3172 ποιοίη
1112 3093 1331 3170 ὑποδιακόνους

110 3220 165 3280 καί
185 3216 348 3284 διακόνους
369 3215 423 3276 καί
443 3213 662 3295 πρεσβυτέρους
683 3222 879 3295 χειροτονεῖν,
912 3215 966 3274 καί
997 3211 1080 3276 ἄλλοι
1100 3217 1200 3276 πάντα
1221 3229 1329 3294 ποιεῖν,

111 3331 171 3400 ὅσα
192 3328 213 3416 ἡ
237 3334 396 3415 μετριότης
416 3327 503 3414 ἡμῶν
523 3340 619 3394 ποιεῖν
641 3328 780 3413 ίμελλεν,
803 3329 831 3391 εὶ
851 3338 950 3412 παρῆν
971 3327 1045 3406 ἀκεῖ,
1061 3331 1136 3414 δίχα
1158 3335 1255 3417 μόνης
1276 3344 1330 3419 της

110 3459 164 3514 τοῦ
188 3447 269 3532 ἱεροῦ
292 3450 461 3529 συνθρόνυο
484 3445 741 3530 ίγκαθιδρύσεως.
765 3443 880 3531 ὀφείλει
894 3450 996 3528 μόντοι
1010 3457 1105 3509 ποιεῖν
1121 3456 1216 3510 ταῦτα
1231 3453 1332 3514 πάντα
1362 3509 1365 3516 ,

112 3572 190 3652 μετά
213 3569 422 3649 σοντηρήσεως
443 3566 497 3627 καί
519 3563 690 3650 ἀσφαλείας
711 3573 769 3625 των
781 3566 875 3627 θείων
889 3567 944 3626 καί
959 3561 1045 3646 ἱερῶν
1060 3567 1207 3641 κανόνων,
1230 3565 1329 3644 κίδεδςς

113 3683 155 3757 ἀς
177 3684 260 3767 εἴπερ
282 3686 405 3768 ποιησει
437 3704 466 3744 τι
496 3681 755 3765 παρείσπρακτον,
788 3679 919 3765 εὐθύνην
942 3677 1146 3766 ύποοτησεται
1167 3685 1221 3768 την
1244 3683 1331 3759 ἀξίανΙ

113 3803 156 3872 είς
177 3804 230 3865 τόν
251 3811 306 3884 τῆς
328 3798 554 3883 ἀρχιερωσύνης
577 3795 669 3862 αύτσύ
692 3801 824 3882 βαθμόν.
851 3795 968 3882 ὀφείλτι
989 3799 1023 3860 δί
1051 3795 1141 3870 ούτος
1163 3801 1332 3883 λαμβάνειν

113 3925 167 3983 καί
190 3917 402 4003 ἀποφέρεσθαι
424 3919 459 3978 τό
482 3916 520 3980 ίκ
541 3918 652 3980 τούτων
673 3927 733 3981 πᾶν
755 3915 906 4000 είσύδημα
937 3915 992 3978 καὶ
1022 3921 1232 4000 παραπίμπειν
1256 3915 1330 3984 αύτδ

113 4037 158 4110 εἰς
180 4039 215 4099 τό
238 4037 457 4119 τοιτρισιρχικόν
478 4035 611 4097 κελλίον.
634 4033 678 4105 είς
700 4037 758 4116 γὰρ
781 4035 834 4117 τήν
855 4037 922 4115 περί
943 4035 1049 4096 τούτου
1071 4032 1241 4120 ἀσφάλειαν
1263 4036 1331 4102 ίπι-

114 4155 239 4218 δίδοται
261 4152 302 4235 τῷ
323 4151 475 4234 ίερωτάτφ
509 4152 715 4234 μητροπολίτη
738 4150 874 4234 Δράμας,
908 4147 1146 4234 ύπερτίμιρ.καί
1168 4157 1219 4219 τόν
1241 4157 1333 4218 τύπον

116 4269 257 4355 ίπίχοντι
279 4277 333 4332 τού
355 4267 515 4333 Φιλίππων
536 4272 591 4331 καί
612 4269 750 4351 προίδριρ
773 4277 826 4353 της
853 4266 1021 4352 ἐκκλησίας
1044 4272 1165 4356 ταύτης,
1199 4270 1230 4334 ίν
1252 4271 1332 4355 ἀγίμ

114 4390 262 4471 πνεύματι
286 4385 434 4470 ἀγαπητῷ
466 4384 588 4470 ἀδελφῷ
618 4393 672 4467 της
693 4381 779 4468 ἡμῶν
802 4389 997 4469 μετριότητος
1021 4391 1075 4450 καί
1098 4389 1332 4470 συλλειτουργφ,

116 4509 169 4568 καί
191 4509 225 4567 τύ
247 4507 345 4588 παρόν
368 4505 526 4567 σονοδικόν
547 4499 644 4585 ἀύτης
666 4505 793 4584 ,γράμμα
814 4506 843 4579 γ.
