3262 5276
333 599 435 665 GXX.
455 601 697 678 (6856-1347)
716 599 884 686 septembri
904 599 966 662 ind.
983 600 1007 662 1.

57 735 182 805 sm
202 741 351 812 ωψΜί
373 739 573 812 ούπρσοόιιίίιιοι
604 744 790 812 imperatoris,
824 759 877 812 ραο
901 744 998 794 iterum
1021 751 1079 794 ιοία
1103 740 1209 794 maasia
1235 742 1282 793 μοι·

428 861 573 915 ιιιόίίοίίαι·
585 862 774 932 metropolitae
785 859 914 916 Κίοιιίαα.

137 999 262 1078 ῩἩδῦ
287 1025 316 1067 τι
340 1009 395 1068 καί
422 1009 615 1088 ναυσιπόροις
642 1007 795 1090 γαληνιῶν
821 1007 956 1084 πέλαγος
983 1009 1038 1068 καί
1064 1003 1210 1066 ἀπιπνέων
1232 1006 1283 1073 ζέ-

58 1137 147 1201 φῠρῡς
170 1118 328 1205 ἔξουρίας,
350 1120 409 1207 ἡδύ
432 1122 472 1186 αύ
495 1123 608 1208 ὁμοίως
635 1123 695 1187 κάν
722 1135 785 1195 τοῖς
809 1125 976 1194 πολιτικοῖς
997 1124 1175 1205 πράγμασιν
1197 1116 1285 1183 εὐνο-

58 1241 122 1318 μία,
147 1237 261 1324 εὶρηνη
283 1263 316 1302 τε
337 1246 392 1304 καί
413 1240 556 1326 όμόνοια·
580 1240 621 1315 ῶς
644 1247 703 1325 γάρ
725 1254 787 1312 τοῖς
803 1238 881 1304 ούτω
897 1242 1142 1324 ναυτιλλομένοις
1165 1249 1282 1323 χειμῶ-

58 1373 106 1424 νος
128 1355 259 1441 δηλαδὴ
281 1363 336 1421 καί
359 1361 455 1443 ίτίλης
477 1364 532 1423 καί
554 1366 716 1443 τρικυμίας
731 1363 824 1443 χωρίς
839 1356 897 1422 οῦκ
920 1358 952 1422 έν
974 1357 1157 1443 ἀμφιβόλοις
1178 1355 1198 1442 η
1221 1378 1284 1420 σω-

59 1477 158 1554 τηρία,
186 1479 248 1538 καί
274 1479 310 1539 τό
332 1481 453 1563 σκάφος
482 1475 617 1562 εὐχερῶς
643 1478 687 1551 τίς
713 1480 823 1562 λιμένα
850 1483 1035 1556 κατάγεται,
1062 1474 1141 1540 οῦτω
1168 1479 1207 1560 δὴ
1229 1481 1285 1538 καί

59 1601 116 1662 τοῖς
139 1593 173 1655 έν
197 1591 330 1678 εὖνομίογ
352 1601 427 1668 ζῶσί
448 1618 481 1659 τε
503 1603 559 1660 καί
584 1599 846 1682 πολιτευομένοις,
875 1601 1024 1682 σωτήριος
1051 1601 1110 1680 γὰρ
1140 1593 1242 1665 αὐτοῖς
1268 1593 1285 1657 ό

61 1710 136 1788 βίος,
158 1707 229 1796 ὅσω
251 1719 307 1776 καί
329 1713 494 1798 ἀπείρατος
516 1726 574 1778 τῶν
596 1725 650 1799 τῆς
673 1717 850 1800 συγχύσεως
872 1717 1029 1799 χαλεπῶν·
1055 1717 1202 1799 σύγχυσις
1225 1717 1285 1794 γὰρ

61 1830 93 1890 τό
114 1835 265 1913 μέγιστον
287 1843 346 1896 τῶν
370 1833 401 1896 ἐν
424 1837 481 1918 βίω
503 1837 624 1910 δεινῶν,
653 1835 757 1918 ἐπειδὴ
786 1839 841 1898 καί
863 1838 951 1920 φύσις
974 1833 1066 1919 αῦτη,
1093 1834 1156 1898 ἄνω
1178 1855 1211 1896 τε
1233 1837 1288 1895 καί

61 1950 141 2011 κάτα
162 1955 269 2014 πάντα
295 1963 391 2016 ποιεῖν
418 1958 472 2016 καί
501 1953 611 2037 ἀναμὶξ
635 1957 708 2018 θεῖοί
734 1976 767 2018 τε
795 1951 873 2037 ὁμοῦ
901 1965 1059 2032 σογκοκᾶν
1084 1957 1139 2016 καί
1161 1952 1285 2034 ἀνθρύ-

61 2083 128 2128 πινα
148 2073 336 2153 πράγματα,
358 2074 413 2133 καὶ
434 2081 523 2137 τοῦτο
543 2071 599 2156 ἴδη
621 2095 666 2143 τις
689 2071 726 2135 ἀν
748 2071 808 2134 κάν
823 2083 885 2143 τοῖς
907 2071 968 2156 ἤδη
992 2069 1234 2156 ῥηθησομένοις·
1251 2073 1286 2133 τό

60 2185 116 2265 ’γὰρ
140 2185 240 2258 ἔθνος
262 2197 321 2250 τῶν
342 2188 478 2266 Ῥύσων,
505 2193 615 2273 χρόνος
636 2189 698 2274 ἤδη
722 2193 856 2274 μακρός,
879 2191 921 2262 εὶς
949 2195 1167 2273 τετρακοσίους
1196 2187 1287 2266 ἐγγύς

63 2301 187 2386 ἐξήκειν,
213 2303 269 2370 ἕνα
291 2309 516 2392 μητροπολίτην
543 2313 700 2392 γνωρίζον,
728 2311 779 2372 τόν
805 2313 887 2372 κατά
909 2311 1036 2392 καιρούς
1067 2311 1120 2392 τήν
1143 2308 1285 2389 Κυγέβου

61 2422 198 2505 λαχόντα
222 2427 420 2510 μητρόπολιν,
452 2429 585 2509 βαθείας
612 2427 769 2492 ἀπολαῦον
796 2427 834 2514 ἠν
859 2438 914 2513 τῆς
941 2427 1004 2512 μετ’
1029 2427 1172 2512 ἀλλήλων
1196 2427 1283 2510 εἰρή-

63 2560 122 2624 νης,
146 2545 227 2608 εἴτι
248 2567 306 2609 που
321 2549 375 2608 καί
390 2556 442 2608 τοῦ
457 2548 580 2618 δέοντος
603 2545 786 2630 έκτραπείη,
809 2545 860 2609 οἶα
881 2549 961 2632 φιλεῖ
983 2549 1157 2624 γίγνεσθαι,
1180 2547 1288 2608 &mv-t

65 2665 216 2744 ἀγόμενον
245 2659 293 2726 ὑπ’
314 2659 408 2728 αὐτοῦ
435 2669 489 2726 καί
511 2665 733 2748 διορθούμενον
760 2661 903 2749 εὐχερῶς.
927 2665 943 2729 ό
967 2669 1071 2748 μέντοι
1095 2667 1286 2749 παραχωρή-

67 2799 109 2841 σει
140 2784 223 2845 θεοῦ
256 2783 309 2845 διὰ
340 2783 463 2866 πλῆθος
496 2780 651 2866 ἁμαρτιῶν
679 2783 849 2866 έπισομβάς
876 2786 934 2866 πρό
961 2781 1068 2860 ἀλίγου
1096 2785 1206 2867 καιρός
1232 2792 1286 2867 της

68 2903 243 2984 συγχύσεως
275 2907 329 2965 καί
361 2903 415 2987 τὴν
448 2904 591 2986 τοιαύτην
623 2911 676 2965 τοῦ
711 2902 823 2973 ἔθνους
849 2907 1040 2966 κατάστασιν
1069 2901 1213 2986 ἀνέτρεψε
1242 2921 1285 2964 κα

14 3071 15 3074 ,
69 3023 206 3104 συνέχεε,
232 3025 288 3083 καί
315 3029 425 3104 μικροῦ
451 3023 513 3084 δεῖν
539 3023 591 3085 διά
620 3023 726 3104 μάχας
754 3027 837 3107 σρισί
863 3025 917 3084 καί
944 3023 1097 3105 πολέμους
1124 3021 1288 3107 ἐμφυλίους

69 3143 227 3222 κεκίνηκε·
257 3138 312 3200 καὶ
339 3137 355 3202 ὁ
384 3143 438 3222 μέν
464 3149 602 3210 τοιοῦτος
627 3141 736 3222 καιρός
763 3148 890 3203 τοιαῦτα
918 3139 1017 3204 οἰκεία
1042 3143 1162 3212 πάντως
1190 3139 1289 3222 ἑαυτῷ

69 3266 169 3332 ποιῶν,
204 3254 222 3321 δ
256 3253 293 3318 ἐκ
325 3259 404 3319 θεοῦ
435 3259 470 3320 δέ
503 3260 538 3320 τύ
562 3259 735 3338 βασιλεύειν
767 3259 882 3342 κλῆρον
909 3260 1017 3342 λαχὼν
1043 3259 1163 3320 δίκαιον
1184 3255 1290 3320 ένεκεν

72 3369 222 3459 ἀληθείας
249 3379 304 3437 καί
329 3377 499 3460 πραότητος
526 3374 582 3438 καὶ
607 3378 821 3460 δικαιοσύνης,
851 3375 882 3438 ἐν
909 3375 954 3448 οἷς
981 3375 1117 3448 ἅπαντας
1139 3377 1210 3447 τούς
1231 3380 1289 3458 πρὸ

75 3488 162 3556 αύτοῦ
185 3493 299 3576 σχεδόν
323 3488 494 3576 ύπερηλασε
510 3495 668 3574 βασιλέας,
683 3497 846 3575 κράτιστος
868 3493 922 3557 καὶ
937 3493 1026 3572 ἅγιός
1049 3516 1108 3577 μου
1131 3490 1288 3574 αὐτοκρά-

76 3629 139 3694 τωρ,
161 3613 385 3694 γνωρισθέντος
408 3621 461 3673 τοῦ
486 3617 665 3696 πράγματος
694 3613 736 3694 τῷ
757 3610 855 3694 ὲνθέῳ
878 3617 984 3696 κροίτει
1005 3623 1059 3697 τῆς
1082 3609 1174 3674 αὐτοῦ
1198 3612 1288 3691 βασι-

74 3729 152 3803 λείας
180 3729 212 3803 έέ
239 3729 326 3814 ἡμῶν
354 3753 386 3792 τε
409 3727 507 3793 αὐτῶν
533 3736 587 3793 καί
613 3741 666 3814 τῆς
691 3735 760 3812 περὶ
786 3729 869 3816 ἡμᾶς
896 3731 981 3815 ’ωρᾶς
1006 3737 1061 3794 καί
1085 3735 1177 3801 θείας
1199 3733 1289 3792 συνό-

75 3846 123 3911 δου
153 3853 210 3912 καί
243 3847 325 3932 ἅμα,
349 3851 382 3922 ἐξ
415 3847 456 3912 ὧν
489 3850 578 3926 ἔλεγε
609 3853 664 3912 καί
690 3849 785 3912 ἐδεῖτο
814 3855 851 3912 τὰ
878 3849 998 3912 ἐκεῖθεν
1027 3852 1289 3934 καταπεμφθέντα

76 3973 235 4051 γράμματα
263 3977 317 4030 τοῦ
343 3991 375 4032 τε
402 3967 566 4051 ἱερωτάτοο
600 3971 824 4052 μητροπολίτου
850 3969 1005 4049 Κυγέβυυ,
1040 3968 1202 4052 ύπερτίμου
1235 3974 1290 4030 καί

76 4082 201 4170 ἐξάρχου
233 4089 335 4171 πάσης
361 4086 504 4163 Ῥωσίας,
533 4085 563 4149 ἐν
598 4085 677 4168 ἀγίῳ
702 4091 850 4170 πνεύματι
877 4086 1037 4172 ἀγαπητοῦ
1072 4085 1208 4171 ἀδελφοῦ
1234 4085 1291 4148 καὶ

78 4207 305 4288 συλλειτουργοῦ
338 4214 391 4289 της
423 4203 509 4291 ἡμῶν
544 4211 753 4290 μετριότητος,
791 4214 844 4268 τοῦ
876 4229 909 4268 τε
940 4203 1159 4283 εὐγενεστάτου
1196 4203 1289 4288 ῥηγός

78 4329 170 4409 πόσης
185 4325 314 4396 Ῥωσίας
336 4323 391 4387 καὶ
411 4329 619 4408 περιποθήτου
642 4323 765 4408 ἀνεψιοῦ
789 4333 842 4387 τοῦ
856 4329 1021 4406 κρατίστου
1042 4329 1097 4386 καὶ
1119 4321 1209 4400 ἁγίου
1231 4345 1289 4404 μου

79 4442 312 4528 αὐτοκράτορος,
334 4453 392 4526 κῦρ
415 4443 555 4528 Συμεὼν,
577 4449 631 4508 καὶ
653 4456 711 4506 τῶν
735 4444 836 4508 ἄλλων
860 4441 975 4528 ρηγῶν,
1004 4445 1100 4506 ἀκού
1125 4443 1290 4511 σονοδικῶς

79 4561 140 4644 Ιημῖν
163 4563 206 4635 εἰς
232 4562 366 4647 ἐπήκοον
394 4563 643 4646 ἀνεγνώσθησαν,
672 4561 822 4644 εθδόκησε
852 4567 960 4628 σεπτὸν
988 4561 1181 4643 ἀπολυθῆναι
1212 4581 1290 4642 χρυ-
