3314 5266
1287 254 1348 320 52?

126 441 255 518 Εάντιον,
279 437 372 524 αὐτην
395 435 451 504 ύτό
479 441 513 502 τό
535 438 655 520 Κύτβον
677 441 731 501 καὶ
756 433 847 511 αὖθις
870 439 966 501 τελεῖν
988 437 1042 501 καί
1065 437 1231 524 ἐπισκοπὴν
1254 439 1347 520 φύτού

126 559 209 622 εἶναι
241 559 297 622 καὶ
328 568 382 643 της
413 567 467 620 τού
501 554 650 642 ῥηθέντος
676 556 838 640 ἱερωτάτου
861 557 1082 640 μητροπολῖτου
1104 557 1223 640 Κυέβυυ
1245 563 1346 643 μέρος,

125 673 232 759 ὥσπερ
265 681 319 739 καῖ
339 679 493 758 πρότερον,
515 683 722 758 πνευματικῆς
744 675 932 749 δεσποτείας,
959 672 1035 756 ἅπερ
1057 671 1183 757 ὕστερον
1217 675 1347 762 ἐμφανι-

128 798 249 858 σθέντα
282 799 336 856 καί
358 805 396 879 τη
417 791 502 878 ἡμῶν
526 797 698 877 μετριότητι
719 797 773 855 καὶ
794 794 898 864 καλεῖς
918 794 1133 876 προβεβηκότα
1156 793 1348 879 ὰναφφινόντα

125 918 184 975 καί
206 911 275 994 παρ’
299 909 392 996 αύτης
413 917 448 974 τό
470 919 562 994 κόρος
577 909 707 990 ,ἐδόξατο
729 915 783 974 καὶ
805 913 839 973 τό
863 913 996 991 βέβαιον·
1021 909 1095 974 ὅθεν
1117 916 1170 976 καί
1192 916 1226 976 τύ
1253 917 1348 997 παρόν

127 1018 310 1092 ἀπολύουσα
342 1030 535 1106 σιγιλλιύδες
567 1033 694 1112 γράμμα
715 1032 770 1108 καί
792 1023 869 1112 αύτη
901 1030 1153 1113 παρακελεύεται,
1176 1030 1270 1096 τελεῖν
1293 1033 1347 1116 τήν

127 1159 189 1210 τῶν
212 1146 332 1229 Λιτβιόν
365 1152 477 1232 χώραν,
511 1147 567 1212 καί
598 1145 714 1230 ὅσαπερ
748 1145 795 1210 ὑπ’
827 1143 921 1230 αύτήν
942 1146 1017 1212 καθ’
1040 1146 1160 1232 ίαυτηνΙ
1182 1155 1346 1234 γενομένην

129 1269 326 1350 ἐτάχθησαν,
350 1264 406 1330 ύπό
439 1269 492 1352 την
514 1277 567 1330 τού
589 1267 710 1347 Κυέβου
743 1267 935 1350 μητρόπολιν,
969 1270 1022 1328 καί
1055 1265 1221 1350 ἐπισκοπὴν
1253 1263 1347 1332 αύτού

128 1390 186 1448 καί
209 1382 302 1455 αὖθις
323 1388 404 1447 κατόι
427 1387 481 1457 τὰς
503 1385 601 1454 ἄλλας
622 1389 676 1447 καί
697 1385 808 1468 ταύτην
830 1387 1052 1466 τυγχάνουσαν,
1074 1387 1108 1446 τό
1124 1383 1242 1466 Κύεβον
1265 1385 1347 1449 εὶδέ·

128 1523 180 1566 ναι
203 1505 386 1588 μητρόπολιν
414 1503 530 1567 οέκείαν
552 1507 606 1567 καί
628 1503 748 1566 ἐκεῖθεν
775 1505 1020 1586 χειροτονεῖσθαι
1051 1505 1102 1567 τόν
1134 1505 1247 1590 ταύτης
1279 1503 1346 1568 ἐπί-

127 1642 246 1686 σκοπον
268 1629 332 1700 καὶ,
355 1627 499 1706 καθάπερ
521 1629 576 1688 καί
595 1624 748 1706 πρότερον,
772 1617 828 1685 ύπό
850 1623 904 1704 τήν
925 1618 1018 1686 αύτού
1041 1620 1161 1707 ἐνορίαν
1182 1626 1347 1706 τετάχθαι,

124 1739 202 1804 καθ’
219 1741 292 1824 nv]
316 1746 370 1803 καί
391 1737 410 1824 ἡ
433 1749 486 1802 τού
507 1743 564 1824 πρό
586 1733 671 1824 ἡμῶν
692 1742 882 1822 πατριάρχου
908 1740 1051 1822 βούλεται
1073 1741 1217 1824 ουνοδικὴ
1239 1744 1345 1823 προῖξις

125 1864 182 1922 καὶ
214 1863 254 1922 τά
280 1855 425 1943 ἐπ’,αύτη
448 1863 543 1922 σεπτὰ
564 1862 785 1942 προστάγματα
807 1865 860 1920 τού
885 1862 1050 1940 κρατίστου
1078 1862 1131 1920 καί
1165 1857 1254 1935 άγῖου
1287 1881 1346 1942 μου

126 1972 365 2060 αύτοκράτορος,
400 1977 444 2047 εἰς
476 1978 545 2048 τούς
578 1975 648 2060 ἐξης
671 1974 808 2046 ἅπαντας
828 1978 883 2038 καί
903 1975 1053 2057 διηνεκεῖς
1075 1978 1214 2057 χρόνους,
1248 1973 1343 2048 ούτιος

125 2093 271 2179 ἐμμάνειν,
292 2089 457 2180 ὀφείλουσα
486 2100 540 2158 καί
575 2095 728 2178 μηδέποτε
750 2091 787 2156 δι’
809 2091 968 2176 ἡντιναοῦν
991 2091 1089 2155 αἰτίαν
1112 2092 1344 2178 ἀποσχισθῆναι

125 2216 181 2276 καὶ
203 2203 399 2297 διαιρεθῆναι
421 2215 554 2297 τὴν-’τῶν
575 2211 696 2294 Λιτβῶν
718 2216 821 2296 χώραν
844 2220 897 2294 της
915 2209 1118 2306 ἐπικρατείας
1132 2217 1186 2273 καὶ
1208 2233 1343 2295 πνευμα-

124 2339 214 2415 τικῆς
235 2331 418 2414 διοικήσεως
437 2339 492 2393 τού
515 2333 737 2414 μητροπολίτου
761 2330 891 2410 Κυέβου,
915 2327 978 2392 ἐπεῖ
1000 2327 1082 2401 ἅπαξ
1103 2333 1230 2406 γεγονός
1252 2341 1342 2394 τούτο

124 2446 257 2532 ὄχλησιν
280 2451 462 2532 προεξένησε
484 2453 538 2512 καί
561 2447 660 2512 ἄτοποι
680 2449 790 2524 πολλὰ,
823 2453 995 2510 καὶταῦτα
1020 2445 1058 2510 δι’
1081 2447 1220 2525 ἀνάγκας
1243 2453 1342 2531 μεγά·

125 2567 196 2642 λας,
213 2563 256 2636 ὣς
278 2565 374 2640 ἔδοξε,
388 2570 523 2646 γεγονός.
546 2569 674 2638 καθέξει
696 2569 793 2628 τοίνυν
816 2561 909 2648 αὐτην
931 2561 948 2626 ὁ
972 2559 1081 2647 ῥηθεὶς
1104 2564 1264 2648 ἱερώτατος
1280 2589 1341 2650 μη·Ι

125 2685 305 2768 τροπολίτης
327 2682 369 2756 ὣς
390 2683 506 2756 οἰκείαν
529 2683 704 2767 ἐπισκοπὴν,
727 2686 781 2746 καὶ
803 2681 879 2766 ἅπερ
905 2682 937 2746 ἐν
952 2693 1016 2754 ταῖς
1031 2681 1142 2754 ἄλλαις
1162 2682 1342 2756 ἐπισκοπαῖς

124 2813 191 2873 ταῖς
224 2799 272 2866 ὑπ’
296 2799 387 2866 αύτόν
410 2809 608 2888 τεταγμέναις
629 2812 723 2865 ποιεῖν
746 2801 853 2876 εἴωθε,
887 2811 982 2864 ταῦτα
1004 2806 1058 2864 καί
1084 2799 1129 2864 ἐπ’
1153 2797 1230 2886 αύτη
1264 2805 1341 2885 μετὰ

123 2923 227 3005 πάσης
261 2919 368 2992 ἀδείας
401 2923 599 3004 διαπράξεται
631 2925 685 2982 καί
718 2919 746 2982 οἱ
774 2917 837 3002 μετ’
861 2916 951 2984 αύτόν
974 2917 1106 2991 ἅπαντες
1139 2930 1192 3004 τῆς
1215 2919 1342 2992 Ῥονοίας

124 3041 353 3120 μητροπολῐται.
376 3041 483 3101 τούτου
505 3043 564 3119 γάρ
588 3043 677 3122 χάριν
700 3036 883 3100 ἀπυλέλυται
905 3036 959 3100 καὶ
981 3041 1014 3100 τό
1036 3041 1133 3120 παρόν
1153 3039 1342 3112 οιγιλλιιῑιδες

124 3159 254 3239 γράμμα
287 3165 341 3240 τῆς
374 3153 459 3239 ἡμῶν
491 3160 685 3239 μετριότητος
722 3161 834 3218 κατὰ
867 3165 979 3238 μηνα
1005 3203 1112 3218 .....
1148 3163 1222 3236 της
1256 3153 1340 3216 ἑνι-

123 3279 354 3356 οταμένης
394 3272 685 3342 ὶνδικτιιονος
725 3279 799 3333 τυιῖ
840 3269 1256 3354 ἐξακιοχιλιοστοῡ
1301 3269 1336 3333 ὀ-

123 3399 467 3456 κτακοσιοατού
505 3390 855 3474 ἐβδομηκοστού
884 3437 990 3454 .....
1022 3390 1150 3459 ἔτους
1182 3394 1212 3466 †.

208 3513 229 3587 ’γ
250 3505 335 3592 Αύτη
357 3505 376 3593 ἡ
400 3509 604 3593 διαγραφεῖσα
624 3511 730 3592 πρᾶξις
752 3506 886 3584 ἐγεγόνει
913 3505 1030 3589 δριομιρ
1062 3512 1116 3568 καὶ
1139 3509 1214 3587 θεῖα
1234 3527 1337 3589 παρα-

121 3629 265 3690 κελεύσει
286 3630 593 3710 τού,παναγιιυτάτου
614 3623 698 3711 ἡμῶν
722 3627 879 3700 δεσπότου,
891 3633 944 3687 τού
961 3623 1174 3705 οὶκουμενικού
1189 3628 1339 3707 πατριάρ-

123 3765 192 3828 χου·
218 3744 337 3830 ἐγράφη
360 3753 432 3820 γοῦν
455 3749 509 3806 καί
531 3747 732 3826 κατεστρώθη
761 3741 791 3804 ἐν
814 3755 875 3813 τοῖς
909 3741 1014 3810 ἄλλοις
1049 3743 1217 3812 συνοδικοῐς
1238 3761 1339 3824 παρο-

124 3867 312 3946 σημειτόσεσι
336 3866 393 3943 πρό
420 3871 473 3924 τού
500 3865 622 3946 φθάσαι
650 3857 862 3944 ύπογραφῆναι
888 3862 973 3940 παρὰ
995 3867 1050 3942 τῆς
1070 3863 1171 3933 τιμίας
1192 3879 1340 3943 πατριαρ-

121 3989 215 4064 χικης
246 3984 301 4042 καί
333 3982 423 4051 θεῖος
455 3982 559 4063 χειρός
581 3982 615 4040 τό
636 3981 843 4060 πρατότυπον,
877 3976 995 4040 ἐκείνου
1022 3977 1057 4038 δέ
1090 3979 1124 4038 τό
1159 3974 1250 4058 ἀργόν
1272 3983 1338 4044 ,καῖ

122 4099 236 4182 ἄκυρον
259 4099 311 4180 την
333 4099 437 4180 πρᾶξιν
460 4097 547 4180 ἔχειν
565 4099 676 4180 ταύτην
698 4095 855 4180 όρῖσαντος
876 4099 930 4158 καὶ
955 4097 989 4157 τό
1011 4098 1107 4176 παρόν
1130 4096 1338 4180 διαγραφῆναι

121 4217 328 4301 σομβέβηκτν,
351 4212 417 4279 ἐπεί
438 4211 508 4277 ούδέ
531 4217 566 4278 τό
587 4217 777 4297 πρυτότυπον
799 4216 834 4278 τό
857 4217 982 4296 οτέργον
1005 4213 1088 4296 ἔχειν
1111 4215 1288 4290 διέγνωσται
1303 4218 1335 4290 †.
