3256 5272
300 299 364 362 234

300 495 360 551 τῶν
388 485 557 572 ἱερωτάτων
572 484 759 572 ἀρχιερέων,
787 485 823 552 ού
852 493 945 574 μόνον
972 487 1017 561 τίς
1043 491 1244 574 μητροπόλεις
1270 487 1331 553 ἀπό
1365 493 1525 574 μητροπό-

300 607 391 684 λεων,
415 604 497 669 ἀλλά
522 611 577 670 καί
603 606 648 679 εἱς
674 599 726 671 τόν
752 604 870 692 ὑψηλόν
896 615 951 691 τῆς
974 613 1196 692 πατριαρχείας
1221 609 1351 690 θρόνον,
1385 605 1429 682 ἀς
1461 605 1526 670 ἀπὸ

298 735 358 788 τόν
390 724 657 807 έκκλησιαστικόν
682 725 824 808 πράξεών
851 724 917 789 έστι
944 731 1137 812 καταφανές·
1164 730 1220 788 καί
1250 724 1391 802 εἰκότως,
1424 727 1526 790 πολύν

300 847 360 926 γάρ
387 840 501 926 δμοίως
528 845 579 906 τόν
607 841 730 925 ἀριστυν
761 845 948 929 κυβερνήτην
975 843 1024 908 ἱπί
1050 855 1109 908 τόν
1136 844 1251 909 οἱάκων
1276 847 1446 930 καθῆσθαι
1469 849 1529 907 καί

300 965 371 1032 τούς
395 963 443 1026 ἀτί
463 963 591 1034 πολλοῖς.
611 959 850 1046 εὐδοκιμοῦντας
872 975 935 1034 τοῖς
955 967 1165 1048 προτερήμασι
1184 975 1243 1028 τόν
1263 965 1387 1028 πολλῶν
1408 965 1526 1046 προβε-

300 1082 439 1165 βλῆσθαι
462 1079 615 1156 ἀνάλογον
636 1085 897 1164 περιεζωσμένους
918 1082 971 1166 τῆν
992 1077 1168 1165 ἡγεμονίαν.
1197 1085 1271 1165 πρός
1293 1083 1348 1166 την
1371 1078 1465 1166 αότῆν
1488 1083 1527 1144 δέ

299 1208 353 1264 νόν
374 1204 429 1262 καί
452 1195 538 1284 ἡμεῖς
561 1197 751 1285 ὡρμήθημεν
772 1203 894 1283 πρᾶξιν,
921 1201 974 1262 διά
1002 1221 1035 1262 τε
1057 1203 1091 1264 τό
1114 1205 1372 1284 τοῦπράγματος
1395 1198 1528 1278 εύλυγυν
1620 1213 1621 1260 1

300 1323 355 1382 καί
380 1320 645 1404 δεδοκιμασμένον
670 1330 708 1404 τῆ
736 1317 890 1404 έκκλησία
920 1319 976 1384 καὶ
1002 1318 1085 1404 ἅμα,
1110 1320 1162 1392 ἱνα
1186 1325 1241 1384 καί
1268 1322 1344 1394 λαός
1370 1321 1529 1407 θτοριλῆς
1620 1319 1621 1328 ’

300 1434 358 1501 υόκ
381 1436 498 1516 δλίγος,
522 1436 539 1502 ό
561 1447 615 1523 τῆς
637 1435 812 1523 ἁγιωτάτης
833 1439 954 1523 δηλαδῆ
978 1441 1194 1523 μητροπόλεως
1211 1439 1381 1523 Κορίνθου,
1411 1445 1527 1522 ποιμέ-

298 1577 350 1628 νος
372 1551 499 1640 τύμοιρῆ
522 1565 576 1619 τοό
596 1559 821 1640 προσήκοντος,
850 1553 897 1642 ἀφ’
921 1555 1036 1629 ἱκανοῖς
1062 1555 1124 1642 ἤδη
1152 1569 1214 1630 τοῖς
1240 1562 1364 1642 χρόνοις
1391 1555 1424 1622 ἀν
1452 1577 1530 1620 στε-
1620 1631 1621 1638 ¹

300 1676 387 1759 ρήσει
419 1677 576 1759 τυγχάνων
610 1672 828 1759 ἀρχιερατικῆς
861 1673 1040 1746 ἐπιστασίας
1072 1680 1126 1739 καί
1160 1675 1349 1762 ἐπισπόρους
1381 1679 1438 1740 καί
1470 1676 1531 1739 τοῦ
1620 1665 1621 1716 ἱ

300 1793 443 1858 ἐντεῦθεν
471 1793 636 1879 ἀγιασμυύ,
660 1792 702 1865 εἰς
737 1796 791 1880 τῆς
825 1791 918 1879 αὐτῆς
951 1793 1122 1880 ἱκκλησίας
1155 1797 1208 1878 βία
1234 1806 1272 1881 τῆ
1297 1807 1357 1860 τόν
1383 1793 1532 1862 Λατίνιον
1620 1827 1621 1832 ’

298 1917 638 1997 κατατυραννουμένης,
670 1911 740 1996 περὶ
772 1911 813 1975 ὧν
846 1917 900 1976 καί
934 1909 969 1976 ού
997 1919 1092 1996 μικρά
1129 1933 1187 1988 τις,
1222 1909 1294 1984 οὐδὲ
1325 1911 1348 1998 ’ἡ
1381 1921 1529 1997 τυχοῦσα
1620 1923 1621 1992 ί

300 2035 421 2116 φροντίς
453 2029 492 2116 ῆν
524 2043 562 2116 τῆ
593 2027 680 2116 ἡμῶν
717 2035 899 2115 μετριότητι,
927 2033 1086 2104 ,πολλάκις
1119 2037 1175 2096 καί
1211 2035 1368 2119 διαφόρως
1406 2031 1533 2096 ἱκεσίαν
1620 2069 1621 2074 1

298 2149 374 2231 πρός
403 2145 497 2232 αύιῆν
524 2148 678 2235 ἔγγραφον
703 2153 771 2232 περί
793 2151 901 2212 τούτου
927 2155 1152 2235 ποιησαμένων.
1181 2149 1272 2214 ένθεν
1299 2171 1346 2213 τοι
1373 2154 1428 2214 καί
1454 2169 1531 2213 κοι-

299 2276 338 2351 νῆ
364 2266 528 2352 διασκίψιι
553 2271 609 2330 καί
636 2271 741 2352 γνώμη
769 2275 823 2351 τῆς
849 2272 919 2349 περί
946 2264 1039 2352 πότην
1066 2266 1245 2354 όμηγύρεως
1272 2278 1331 2330 τοῖν
1353 2265 1531 2349 ἱερωτάτων

301 2383 468 2469 ἀρχιερέων
490 2431 1532 2454 ..........................................
1620 2387 1621 2458 s

299 2505 512 2587 κατεπράξατο
534 2506 744 2588 μετατεθῆναι
771 2501 816 2574 εἱς
843 2503 897 2588 τῆν
923 2506 1066 2589 τοιαύτην
1093 2501 1268 2590 ἀγιωτάτην
1289 2513 1344 2590 τῆς
1365 2503 1531 2588 Κορίνθου

300 2623 485 2708 μητρόπολιν
517 2624 567 2685 τόν
599 2621 761 2706 ἱερώτατον
792 2619 1033 2706 ἀρχιεπίσκοπον
1060 2623 1129 2700 Κῶ,
1163 2622 1321 2708 ἀγαπητόν
1349 2627 1433 2687 κατὰ
1466 2625 1529 2687 κύ·-

301 2761 366 2824 ριυν
389 2739 522 2828 ἀδελφόν
543 2737 629 2826 ἡμῶν
657 2745 712 2804 καί
739 2742 987 2824 συλλειτουργδν,
1015 2743 1212 2827 σχολάζοντα
1233 2742 1295 2828 ἤδη
1322 2751 1377 2828 τῆς
1403 2743 1529 2826 λαχού-

302 2881 359 2944 σης
381 2857 483 2936 αύτόν,
507 2859 562 2924 ἀτε
586 2861 625 2944 δῆ
648 2865 703 2924 καί
725 2859 821 2944 αὐτῆς
842 2863 925 2922 κατὰ
947 2863 998 2924 τόν
1022 2857 1129 2942 δμοιον
1151 2865 1261 2944 τρόπον
1283 2865 1543 2944 τυραννουμένης.

301 2975 358 3040 ὑπό
380 2977 533 3055 Λατίνων,
562 2979 596 3051 δς
619 2980 658 3064 δῆ
680 2983 735 3042 καί
757 2977 875 3064 δριίλει
898 2979 1083 3062 μεταλαχεῖν
1110 2981 1164 3040 καί
1191 2987 1245 3042 του
1272 2981 1387 3061 θρόνου
1410 2979 1529 3062 ταύτης

299 3101 354 3160 καί
387 3109 441 3160 τοῦ
474 3096 625 3182 όνόματος
657 3101 791 3182 καὶτῆς
824 3095 1000 3182 ἀνηκούσης
1030 3107 1093 3167 τοῖς
1120 3106 1174 3180 τῆς
1207 3095 1378 3180 ἀκαλησίας
1410 3095 1527 3182 ταύτης

302 3213 477 3299 ἀρχιερεῦσι
497 3225 585 3299 τιμῆς
605 3215 637 3278 έν
657 3237 689 3278 τε
708 3221 836 3280 στάσεσι
857 3220 911 3280 καί
927 3217 1101 3299 καθέδραις
1116 3213 1148 3278 ἀν
1167 3227 1233 3286 ταῖς
1247 3225 1365 3286 κοιναῖς
1379 3215 1529 3280 συνελεύ·
1603 3193 1607 3200 ⁴

300 3356 376 3408 σεσι,
397 3331 602 3414 ἐπιλαβέσθαι
622 3356 654 3396 τε
674 3335 729 3397 καὶ
742 3339 861 3400 πάντων
876 3345 935 3398 τῶν
948 3331 998 3408 ,ἀπ’
1014 3331 1109 3418 αάτῆν
1129 3337 1293 3418 κτημάτων
1309 3337 1363 3397 καί
1377 3337 1527 3418 πραγμά·

299 3472 368 3530 τιον,
383 3457 437 3516 καί
457 3450 562 3523 ἁπλῶς
577 3451 677 3530 είπιῖν,
693 3463 751 3515 τῶν
766 3451 956 3536 ύθενδῆπυτε
973 3453 1175 3536 διαφερόντων
1195 3462 1233 3535 τῇ
1254 3449 1409 3534 ἐκκλησία
1428 3455 1526 3536 ταύτῃ
1620 3447 1621 3454 '

301 3574 438 3647 δικαίων,
453 3568 651 3648 ἀναγνώστας
663 3593 695 3634 τι
710 3575 888 3656 ορραγίίειν
900 3569 937 3632 έκ
953 3579 1011 3632 τῶν
1028 3569 1058 3632 έν
1072 3565 1150 3653 αὐτῆ
1166 3573 1220 3632 καὶ
1232 3565 1454 3641 ὑποδιακόνους
1469 3575 1528 3633 καί

299 3693 461 3761 διακόνους
473 3693 527 3752 καί
537 3691 757 3772 πρεσβυτέρους
768 3699 955 3773 χειροτονεῖν
966 3693 1021 3751 καί
1032 3691 1132 3752 πάντα
1148 3685 1252 3757 ἁπλῶς
1266 3687 1524 3770 διαπράττεσθαι,

302 3806 362 3870 ὅσα
378 3819 439 3878 τοῖς
461 3813 598 3892 γνησίοις
620 3808 814 3891 ἀρχιερεῦσιν
837 3805 868 3871 ἐν
891 3819 956 3879 ταῖς
978 3809 1150 3893 λαχούσαις
1165 3801 1275 3876 αύτούς
1290 3803 1406 3890 ἐφεῖται
1419 3819 1526 3882 ποιείν,

183 3949 187 3958 ·
303 3931 440 4015 μετέχων
462 3925 592 4012 καὶτῆς
614 3935 668 3990 τού
690 3926 773 4010 ἱεροῦ
796 3931 965 4010 σονθρόνου
987 3924 1250 4008 ἔγκαθιδρύσιως,
1266 3921 1449 4010 ύρειλόντων
1471 3929 1527 3989 καί

303 4056 361 4108 τῶν
384 4043 478 4128 αὐτῆς
499 4046 654 4130 κληρτκυῖν
676 4049 810 4109 καὶτῶν
833 4046 935 4110 ἀλλων
958 4044 1108 4122 ἀπάντων,
1125 4044 1304 4127 ἱερωμένων,
1321 4054 1468 4131 μοναχὸν
1490 4065 1524 4108 τε

302 4162 357 4226 καὶ
382 4165 497 4226 λαῖκιῖν
522 4167 694 4228 πείθεσθαι
723 4167 820 4248 τούτῳ
850 4163 906 4228 καὶ
926 4167 1124 4248 πειθαρχεῖν,
1154 4160 1215 4240 ὅσα
1242 4161 1298 4226 καὶ
1322 4161 1428 4246 οἱκοίιρ
1454 4183 1526 4226 ποι-

304 4287 371 4367 μένι
395 4286 449 4344 καί
477 4286 567 4364 πατρί
598 4287 652 4346 καί
683 4283 863 4366 διδασκάλω
893 4284 1087 4366 πνευματικιβ
1120 4284 1176 4344 καί
1209 4287 1321 4366 μεσίτη
1350 4280 1407 4345 καὶ
1433 4281 1524 4346 διαλ-

302 4403 404 4487 λακτῇ
426 4404 464 4465 τὰ
485 4402 560 4481 πρὸς
581 4403 633 4464 τύν
654 4404 732 4465 θεόν
757 4405 812 4464 καί
836 4402 991 4485 δέχεσθαι
1015 4403 1259 4484 προθύμως-καί
1288 4399 1417 4482 ἑτοίμως
1444 4401 1524 4464 ἀασ-

301 4522 435 4606 πληρυόν
468 4516 577 4598 πάνθ’,
611 4517 671 4584 ὅσα
704 4521 810 4603 μέλλει
840 4522 941 4598 λέγειν
972 4527 1028 4584 καί
1056 4531 1212 4603 παραινεῖν
1245 4525 1300 4584 καί
1329 4519 1527 4605 εἰσηγεῖσθαι
