3258 5278
92 532 195 596 τίασεν
229 532 276 605 τίς
305 533 394 605 τίλος
426 539 572 597 τοσοῦτον
602 537 679 597 λαόν
709 535 872 619 σραλτροίς
908 535 1043 618 δόγμασι
1072 539 1234 621 τροοίχιιν
1265 539 1319 597 καί

92 648 346 734 ἀποτετμημίνον
368 650 444 714 τίναι
466 659 520 735 τῆς
543 649 714 736 λκκλησίας
736 649 840 716 αὐτοῦ.
869 649 943 722 όσον
969 656 1068 715 τοίνυν
1096 651 1211 737 ίχομτν
1233 662 1321 714 τοῦτο

91 770 314 852 τιρίοιτολλοό,
337 768 514 854 ότράψαμεν
535 775 590 834 καί
613 769 814 856 ἀόηλίοσαμτν
835 779 925 833 τοῦτο
946 773 1023 853 πρός
1045 767 1138 833 αότόν
1160 773 1212 834 τόν
1235 772 1320 834 αίόε-

91 894 270 971 σιμότατον
292 890 466 952 καθολικόν
487 894 543 953 καί
565 893 720 975 ηράρορκν
742 894 797 952 καί
817 893 892 973 πρός
914 890 969 972 τὴν
997 885 1128 974 ῥηηικὴν
1154 910 1211 962 ,σου
1231 865 1321 962 ἀίου-

90 1011 176 1082 σίαν,
206 1006 251 1079 ὃς
279 1013 361 1071 κατὰ
387 1008 467 1071 πολό
496 1006 721 1093 ἀποδεχόμεθα
748 1011 797 1084 τό,
823 1008 875 1072 ἵνα
898 1011 1143 1092 προσδεξόμεθα
1172 1005 1251 1090 ὑμᾶς
1279 1007 1322 1078 είς

90 1126 143 1208 την
165 1131 333 1190 κοινωνίαν
355 1127 409 1210 τὴν
432 1124 505 1210 μεθ’
526 1123 626 1212 ἡμῶν,
654 1132 818 1210 γενομένου
840 1132 896 1190 καί
917 1135 970 1189 τοό
996 1130 1175 1210 πράγματος
1197 1131 1252 1189 καί
1274 1127 1323 1189 υί-

90 1247 343 1328 κονομηθίντος,
366 1241 408 1316 ὥς
431 1243 605 1329 όνόίχτται,
628 1241 703 1308 όθτν
725 1249 781 1309 καί
803 1246 855 1308 όιά
878 1249 913 1307 τό
939 1253 1075 1312 τοιοῦτον
1102 1246 1247 1330 θεοφιλλς
1269 1249 1324 1306 καί

92 1363 247 1446 σιντηριον
271 1359 354 1447 όμῦν
376 1365 500 1449 ίὴτημα
521 1361 730 1447 ἔξολοξάμτθα
752 1367 806 1426 καί
831 1361 1052 1446 ἀπεστείλαμεν
1073 1363 1148 1444 πρός
1170 1358 1250 1444 όμᾶς
1272 1343 1323 1424 τόν

91 1483 311 1563 πανσίβαστυν
333 1485 484 1565 σεβαστόν
512 1481 623 1545 οίκοίον
650 1480 693 1564 τῷ
716 1486 871 1564 κρατίστιρ
897 1485 951 1543 καί
978 1479 1056 1564 άηίιρ
1085 1502 1143 1564 μου
1169 1476 1324 1562 αότοκρά-

92 1617 169 1680 τορι,
191 1603 441 1684 προκαθήμενον
463 1607 517 1662 τοῦ
545 1599 764 1684 θτορολάκτοο
789 1609 937 1668 κοιτῶνος
964 1609 1018 1683 τῆς
1046 1595 1138 1674 ἁγίας
1165 1599 1324 1679 βασιλείας

93 1713 203 1794 αότοό,
227 1728 289 1802 κόρ
310 1717 441 1803 Μιχαὴλ
462 1723 513 1783 τόν
535 1717 795 1803 Καλλικρηνίτην,
824 1722 879 1788 καί
901 1721 952 1781 τόν
979 1721 1161 1802 τιμιώτατον
1188 1715 1218 1780 όν
1242 1716 1324 1800 ίιρο-

96 1841 250 1921 μονάχοις
272 1846 328 1920 κόρ
351 1837 503 1922 Γαβριὴλ,
530 1835 613 1902 ἀλλά
639 1839 678 1922 όὴ
705 1843 759 1902 καί
787 1841 839 1902 τόν
866 1842 1046 1921 τιμιώτατον
1073 1837 1239 1901 ίπίσκοπον
1267 1847 1325 1898 τόν

96 1952 237 2018 ἀνταόθα
259 1955 441 2039 Ἀρμονίοον,
469 1953 553 2028 ὅστις
575 1958 613 2040 όὴ
640 1960 882 2040 προκαθήμενος
910 1965 962 2018 τοό
990 1957 1152 2037 βασιλικοῦ
1178 1963 1325 2025 κοιτῶνος

97 2075 201 2154 μίλλει
230 2072 379 2137 άττλθείν
410 2077 555 2157 πρότερον
591 2073 634 2146 είς
667 2077 717 2137 τόν
749 2076 916 2137 σοολτάνον
943 2077 995 2138 όιά
1022 2077 1077 2160 ,τὴν
1104 2075 1259 2148 όοολτίαν,
1287 2072 1325 2156 ἡν

97 2187 231 2273 ἠξίωσαν
256 2195 407 2268 γενέσθαι
429 2191 459 2254 οί
482 2189 615 2254 αότόθεν
638 2190 785 2263 ἐλθόντες
801 2191 1041 2276 ἀποκρισιάριοι,
1059 2191 1088 2255 οἱ
1103 2197 1206 2274 μίντοι
1229 2209 1324 2254 συνα-

95 2311 304 2389 ποσταλόντες
332 2307 396 2393 μετ’
420 2306 514 2372 αὐτοῦ
533 2311 705 2393 ’μίλλουσιν
734 2308 925 2392 ἀποκομίσαι
959 2311 1004 2382 είς
1030 2313 1083 2395 την
1113 2306 1242 2396 ῥηνικὴν
1270 2331 1325 2372 σου

99 2429 241 2501 λέουσίαν
265 2431 300 2491 τό
323 2431 432 2492 σεπτόν
455 2429 683 2511 χρυσόβοολλυν
705 2437 758 2491 τοῦ
780 2433 945 2510 κρατίστου
967 2434 1021 2492 καί
1045 2427 1134 2505 ἁγίου
1157 2449 1216 2511 μου
1232 2424 1325 2489 αότο-

97 2551 255 2629 κράτορας
275 2551 329 2612 καί
352 2547 406 2630 τὴν
427 2555 586 2630 παροῦσαν
607 2543 758 2631 ἡμετόραν
780 2549 908 2633 γραρὴν,
926 2547 957 2620 &e
980 2547 1020 2610 ὧν
1042 2547 1092 2608 ἵνα
1115 2547 1325 2629 καταλάβητε,

99 2663 178 2738 ὅπως
205 2664 366 2751 ἀσπασίως
387 2669 441 2728 καί
465 2668 543 2748 μετά
564 2664 680 2748 πολλῆς
703 2663 826 2750 ἀγάπης
840 2676 1047 2750 πνευματικῆς
1071 2667 1250 2748 ίότξάμτθα
1273 2667 1327 2749 τὴν

101 2783 146 2848 iat
160 2788 199 2870 τό
215 2795 350 2866 κρείττον
366 2784 541 2867 μιταβολὴν
563 2779 661 2866 όμιίίν,
683 2789 738 2846 καί
761 2781 842 2856 ὅπως
865 2783 1088 2868 ἀποδεχόμεθα
1105 2783 1328 2869 ἀναπληρῶσαι

100 2901 178 2984 όμάς
201 2907 257 2965 καὶ
279 2905 317 2965 τό
340 2901 543 2981 ἐλλείποντα,
562 2905 672 2974 καθὼς
698 2905 933 2987 παραθηλοῦμτν
963 2905 1015 2966 διὰ
1037 2923 1109 2978 των,
1137 2902 1178 2974 ὥς
1201 2903 1327 2988 εἴρηται,

102 3021 278 3106 όρχομίνενν
300 3017 428 3084 αότόθι·
450 3025 519 3104 περί
541 3026 644 3103 μίντσι
666 3032 724 3084 τῶν
747 3021 883 3086 ἐνταῦθα
898 3023 1075 3105 Ἀρμενίων,
1100 3021 1207 3093 οἵτινες
1229 3043 1326 3103 προσ·

100 3144 258 3223 ετίθησαν
285 3137 329 3210 είς
356 3139 410 3222 (ἡν
435 3135 587 3224 ἡμετέραν
614 3136 706 3216 άγίαν
729 3145 782 3202 καί
804 3143 983 3224 καθολικὴν
1006 3139 1186 3223 ἐκκλησίαν,
1209 3141 1327 3224 πληρο-

100 3259 270 3341 ρορηθητιο
292 3253 312 3340 ἡ
335 3252 450 3340 ρηγική
473 3276 529 3319 σου
550 3255 686 3332 ἀίουσία,
715 3256 757 3330 όις
779 3254 836 3321 οόκ
859 3258 897 3322 ίκ
919 3279 998 3330 τινος
1027 3257 1165 3340 ἀνάγκης
1187 3256 1206 3340 ἢ
1230 3261 1326 3343 ρόβου

102 3374 250 3460 ίκοίησαν
272 3385 374 3452 τοῦτο,
399 3374 482 3438 ἀλλὰ
504 3373 536 3448 ἐξ
558 3375 677 3448 οίκείας
699 3381 822 3462 γνιόμης
844 3383 899 3442 καί
920 3381 1126 3461 προαιρίσιιιις
1148 3381 1202 3439 καί
1223 3377 1324 3458 θελὴ-

103 3517 193 3567 στεις,
216 3493 271 3557 λὰν
294 3499 353 3577 γάρ
373 3497 535 3576 προίβαιντ
558 3503 647 3557 τοῦτο
670 3491 775 3570 οότοις,
797 3507 861 3568 πῶς
885 3497 1055 3580 λμίλλυμιν
1070 3497 1221 3569 δέξασθαι
1235 3490 1324 3578 ἡμεῖς

104 3613 144 3686 τίς
159 3619 328 3678 ,κοινωνίαν
352 3611 532 3695 ἀνθρώπους
555 3612 708 3684 ἀκουσίους
729 3616 961 3695 προσελθόντας
986 3625 1024 3699 τῇ
1039 3619 1146 3688 πίστει,
1163 3610 1271 3682 οἵτινες
1286 3623 1324 3697 τη

104 3731 240 3817 ἀληθείη
262 3731 306 3803 είς
329 3729 428 3795 όκείνο
451 3730 581 3813 ίμιλλυν
605 3729 755 3814 ἀμμίνοιν,
778 3730 852 3816 ὅπερ
874 3731 955 3818 ἡσαν
976 3738 1031 3794 καί
1051 3735 1213 3813 πρότερονς
1235 3727 1324 3794 οόόλν

105 3850 168 3934 ίχτι
192 3851 337 3934 ἀληθῶς,
360 3847 434 3914 ὅσον
456 3849 629 3935 ἀγνωρίσθη
657 3847 769 3913 αότόθι
793 3857 862 3935 περὶ
890 3855 1008 3927 τοότου,
1038 3849 1119 3914 ἀλλὰ
1145 3851 1179 3912 τό
1204 3847 1325 3933 ἀληθὲς

105 3969 182 4053 ἔχει,
211 3969 253 4040 ὥς
277 3972 529 4055 τληρορυροῡμτν
557 3965 656 4053 ἡμεῖς,
687 3969 747 4033 ἀπό
776 3980 829 4033 τοῦ
857 3981 907 4033 νῦν
935 3973 969 4032 δὲ
1000 3972 1105 4054 μέλλει
1132 3967 1326 4050 όντργτίσθαι

104 4089 143 4162 τίς
165 4087 293 4165 αότοός,
317 4087 390 4153 ὅσον
414 4090 518 4176 ἀροριρ
540 4089 583 4160 εὶς
606 4091 787 4173 κυβίρνηάιν
810 4089 922 4165 αὐτῶν,
946 4089 1011 4152 ἒττί
1033 4090 1076 4160 τίς
1099 4089 1257 4172 ἀτοόοχὴν
1280 4089 1326 4150 ίνι

104 4217 188 4271 τοῦτο
211 4215 266 4291 της
290 4203 420 4293 ῥηηικης
443 4231 498 4272 σου
521 4208 668 4282 ἐξουσίας.
691 4205 779 4292 ἡμεῖς
801 4211 835 4272 δὲ
859 4205 1033 4292 εὐχόμεθα,
1052 4207 1106 4270 ἵνα
1128 4203 1285 4289 εὐόσκὴση
1308 4203 1324 4268 ό

105 4327 287 4410 τίρηνάρχης
313 4329 390 4397 θεός
417 4331 472 4389 καί
503 4329 603 4412 τροβὴ
628 4323 648 4411 ἡ
675 4329 800 4411 τοιαότη
831 4326 938 4398 ίνιυοις
970 4332 1023 4389 καί
1055 4325 1214 4408 τροσόοχὴ
1243 4320 1325 4406 ἀμόν

106 4451 184 4510 κατά
205 4448 259 4530 τὴν
282 4444 443 4528 ἀποδοχήν
471 4441 565 4508 αότοό
593 4453 647 4509 τοῦ
672 4447 750 4508 θεοῦ
776 4451 831 4508 καί
857 4451 938 4508 κατὰ
964 4447 1018 4528 τὴν
1045 4442 1197 4528 ἡμττίραν
1225 4441 1325 4525 ἀρχὴν

105 4569 153 4627 καί
176 4565 293 4649 ίρτσιν,
318 4563 365 4626 ίτι
386 4564 421 4625 όλ
442 4567 512 4637 καί,
541 4567 651 4634 καθός
673 4569 756 4648 ζητοῖ
779 4569 832 4626 καί
860 4562 1000 4646 όρὲγτται
1027 4567 1081 4625 καί
1108 4561 1196 4623 θίλει
1222 4555 1242 4643 ἡ
1266 4553 1323 4642 ῥη-

628 4669 630 4674 “
1071 4670 1099 4716 11
1119 4664 1136 4698 ⁸
