3258 5282
299 303 361 363 m

300 495 408 572 σχῆμα
433 487 616 570 διατηρυίτυ.
644 482 726 548 ταῦτ’
753 483 816 568 άρα
841 467 895 549 καί
920 481 941 569 ἡ
967 489 1127 572 μετριότης
1151 483 1236 572 ἡμῶν
1258 489 1311 574 την
1341 485 1517 574 αἰτιωτάτην

299 604 484 688 μητρόπολιν
495 600 684 668 Ναυπάκτου
699 602 743 675 είς
757 604 898 667 πλείστον
908 599 986 686 ὅσον
1000 607 1112 688 χρόνον
1126 605 1222 670 είδυία
1236 611 1442 692 ατερυυμίνην
1456 605 1517 688 ἆρ-

298 727 424 807 χιερίως
451 727 578 806 γνησίου
603 719 659 784 καὶ
684 723 737 784 τόν
758 719 807 785 ὑπ’
830 717 922 804 αόιην
944 725 1153 805 χριστύνυμυν
1175 731 1228 786 τού
1249 728 1356 806 κυρίου
1379 725 1457 786 λαόν
1477 735 1517 807 τη

297 844 405 904 τούτου
420 837 532 924 ίρημίιρ
541 839 814 921 περιπλανώμενον,
827 836 868 910 ὡς
880 834 937 902 υόκ
953 839 1028 914 ἔδει,
1044 845 1098 902 καί
1121 837 1192 904 ὅσον
1207 845 1242 904 τό
1258 839 1401 906 ἐντεῦθεν
1415 846 1517 905 κακόν

297 957 480 1042 ίννοήσιισα,
503 953 539 1019 ού
555 959 608 1039 μίν
626 1005 657 1020 ..
680 957 800 1019 δίκαιον
823 953 916 1041 ᾠήθη
936 955 1066 1039 άμελείερ
1087 957 1142 1020 καί
1161 957 1204 1030 είς
1226 962 1260 1022 τό
1282 958 1352 1043 όξῆς
1375 957 1517 1024 όπυεσοόν

296 1079 490 1164 χρησασθαι,
512 1073 556 1145 είς
577 1074 631 1156 την
652 1074 764 1158 ταύτης
786 1071 944 1158 ίπίσκτριν
963 1078 1017 1136 καί
1030 1079 1234 1160 προμήθειαν,
1255 1080 1461 1162 χηρεύουσαν,
1473 1076 1517 1150 ὃς

295 1198 477 1280 διείληπται,
490 1191 706 1276 ἀρχιερατικῆς
727 1189 906 1263 λπιστασίας
928 1190 976 1255 ίπί
997 1201 1152 1269 τοσοῦτον,
1174 1199 1228 1256 καί
1249 1203 1345 1258 ταῦτα
1365 1197 1516 1281 πλείστης

294 1317 442 1396 δεομίνην
465 1312 638 1392 συνάρσεως
659 1312 713 1370 καί
733 1309 934 1392 κηδεμονίας,
956 1308 1022 1392 ἅμα
1044 1315 1097 1392 μὲν
1121 1312 1172 1374 διὰ
1194 1315 1229 1375 τύ
1251 1317 1516 1396 συναριθμεῖσθαι

295 1444 361 1504 ταῖς
382 1429 534 1512 ίκκρίτυις
555 1437 613 1489 τῶν
636 1427 851 1509 μητρυπόλεων
876 1431 931 1489 καί
956 1429 991 1488 τό
1018 1433 1258 1512 συγκεχωρηκὸς
1285 1429 1369 1514 ἔχειν
1397 1431 1460 1495 ἀπό
1482 1453 1515 1494 τε

294 1546 409 1632 θρόνου
430 1549 485 1608 καί
506 1547 618 1627 χρόνου
639 1547 693 1606 καί
715 1545 749 1605 τό
776 1545 952 1624 πρεσβεύειν
979 1544 1137 1622 ίνττύθεν,
1164 1544 1231 1631 ἅμα
1255 1549 1290 1610 δὲ
1315 1553 1371 1612 καί
1397 1551 1452 1613 διά
1479 1554 1516 1612 τά

291 1665 510 1750 παραχωρῆσαι
531 1662 609 1724 θεοῦ
629 1661 746 1744 πληθει
771 1659 926 1746 ἁμαρτιῶν
951 1666 1009 1747 πρό
1036 1684 1122 1728 τινων
1143 1663 1205 1748 ἤδη
1226 1669 1344 1748 χρόνων
1371 1664 1517 1730 ίπελθεῑν

292 1785 392 1849 ίκιίσι
414 1783 468 1864 τήν
489 1790 548 1842 τῶν
568 1780 753 1861 πραγμάτων
775 1777 952 1862 ἀνωμαλίαν
973 1785 1028 1843 καί
1050 1784 1196 1866 σύγχυσιν
1218 1787 1272 1846 καί
1293 1785 1406 1868 ταύτης
1421 1783 1516 1868 ἔργον

292 1902 441 1980 γενίσθαι
461 1901 515 1961 καί
538 1892 630 1980 αύτήν
653 1896 891 1980 δυατυχίστατα.
914 1901 968 1960 καί
990 1899 1028 1980 δὴ
1051 1899 1235 1981 σπούδασμα
1261 1904 1344 1962 κατὰ
1369 1903 1405 1964 τύ
1428 1901 1516 1974 είκύς

292 2023 347 2082 καί
362 2017 507 2104 φροντίδα
521 2011 557 2077 ού
573 2017 685 2097 μικρὰν
700 2019 893 2098 ποιησαμίνη
905 2016 1071 2088 συνοδυκως
1084 2021 1152 2100 περί
1165 2020 1285 2102 ταύτης,
1302 2015 1367 2080 ἐπεί
1378 2014 1448 2100 εύρε
1460 2022 1515 2082 τόν

290 2137 530 2223 θεομιλίστατυν
546 2130 710 2196 ίπίυκυπον
724 2131 951 2218 Κεφαλληνίας,
975 2135 1057 2218 ζήλιρ
1073 2138 1213 2222 θεοριλεῖ
1233 2141 1287 2199 καί
1307 2141 1411 2220 πρύην
1434 2140 1515 2200 ταύ-

291 2279 346 2341 της
367 2256 538 2340 κηδόμενον
560 2255 615 2314 καί
636 2255 675 2313 τὰ
697 2249 942 2335 ὲκκλησιαστικὰ
964 2254 1071 2316 δίκαια
1090 2265 1143 2338 της
1158 2255 1318 2340 είρημίνης
1333 2253 1514 2341 ἁγιωτάτης

291 2373 504 2459 μητροπόλεως
525 2369 714 2434 Ναυπάκτου
741 2369 982 2453 ἀναδεδεγμένον
1010 2375 1094 2454 παρὰ
1120 2381 1174 2456 τῆς
1198 2368 1284 2457 ἡμῶν
1311 2375 1515 2458 μετριότητος

262 2473 264 2477 ⁸
289 2498 344 2556 καί
368 2492 485 2573 πολλὴν
511 2489 644 2571 σπουδὴν
671 2485 921 2571 εἰσενεγκάμενον
950 2485 1022 2572 ὑπὲρ
1048 2487 1197 2572 ὡφελείας
1226 2501 1279 2554 τοῦ
1310 2489 1411 2554 όκεῖσε
1438 2513 1513 2575 χρι-
1584 2471 1593 2486 ’

289 2611 444 2691 υτωνύμυυ
466 2608 543 2670 λαού
564 2609 619 2667 καί
638 2609 738 2667 πάντα
757 2609 896 2687 πράττειν
918 2610 972 2668 καί
991 2617 1087 2668 ποιεῖν
1111 2609 1376 2690 προθυμούμενον,
1400 2605 1463 2671 ὅσα
1477 2631 1511 2672 τε

289 2726 331 2797 είς
354 2727 498 2788 σύστασιν
520 2728 664 2786 συντείνει
686 2732 744 2783 τιῖιν
767 2719 899 2802 εύσεβιῖιν
921 2726 1075 2805 κτητόρων
1098 2719 1192 2806 αύτης
1207 2728 1261 2786 καί
1276 2725 1320 2796 είς
1334 2721 1510 2808 εύαρόστη-

288 2863 335 2908 υιν
357 2851 410 2905 τού
432 2843 524 2903 θεοῦ·
547 2837 566 2922 ἡ
590 2842 749 2922 μετριότης
771 2837 856 2923 ἡμῶν
878 2851 967 2923 κοινη
993 2845 1083 2925 ψήφῳ
1105 2845 1159 2904 καί
1180 2843 1340 2926 διασκίψει
1361 2853 1416 2926 της
1437 2819 1510 2925 περί

287 2955 379 3041 πότην
413 2955 502 3026 θείας
528 2954 703 3040 δμηγύρεως
726 2965 784 3017 τῶν
811 2954 979 3038 ίερωτοίτων
1007 2955 1188 3040 ἀρχιερίων,
1221 2968 1275 3020 του
1301 2957 1508 3041 Καισαρείας,

286 3083 339 3138 τοῦ
361 3073 506 3148 Κυζίκου,
529 3081 581 3135 τοῦ
603 3072 746 3146 Νικαίας,
769 3081 822 3135 τού
843 3073 1055 3158 Χαλκηδόνος,
1078 3084 1131 3138 τοῦ
1147 3074 1426 3159 Ποντυηροικλείας,
1449 3086 1508 3142 τοῦ

284 3191 568 3276 Τραίανυυπόλεως,
594 3198 647 3253 τοῦ
669 3191 824 3272 Βρύσεως,
852 3200 904 3253 τού
931 3191 1147 3274 Ἀμάυτριδυς,
1176 3203 1229 3256 τοῦ
1256 3193 1420 3276 Σελυβρίας
1446 3200 1509 3258 καί

284 3315 335 3374 τόν
357 3313 448 3374 τύπον
471 3308 633 3391 όπίχυντυς
654 3307 832 3383 Κυτυλείου,
855 3319 908 3371 τοῦ
924 3309 1104 3386 Συυγδαίας,
1127 3321 1180 3373 τοῦ
1203 3311 1507 3394 Χριστιανυυπόλεως

281 3432 336 3492 καί
357 3437 410 3492 τού
431 3425 573 3499 Ῥωσίου,
597 3423 713 3509 είδησει
738 3430 792 3487 καί
819 3423 944 3506 εὐδοκία
973 3436 1026 3490 τυύ
1052 3434 1215 3510 κρατίστου
1243 3435 1298 3492 καί
1327 3426 1415 3505 ἁγίου
1442 3451 1506 3510 μου

282 3545 518 3630 αὐτοκράτορος,
541 3552 594 3606 τού
616 3551 804 3625 κοσμοῦντος
826 3547 880 3605 καί
902 3543 1081 3626 ἑδράίυντυς
1103 3549 1137 3608 τύ
1160 3556 1213 3630 της
1236 3546 1405 3630 ίκκληοίας
1427 3567 1504 3608 στε-

283 3669 388 3748 ρίωμα
410 3662 470 3727 ἀπό
492 3672 546 3746 τῆς
568 3662 781 3744 δεδωρημένης
803 3660 844 3744 τῷ
868 3663 967 3744 ἐνθίιρ
990 3667 1099 3745 κράτει
1128 3659 1221 3726 αότυύ
1251 3659 1418 3748 ύπερρυυύς
1440 3685 1504 3744 με·

282 3783 445 3859 γαλυνυίας
471 3784 526 3842 καί
554 3789 607 3862 τῆς
633 3783 838 3862 πανταρίυτης
865 3784 920 3842 καί
945 3783 1151 3864 κηδεμονικης
1178 3777 1269 3842 αότού
1297 3785 1419 3864 γνώμης
1444 3789 1502 3846 καί

281 3901 399 3985 ρύυεως
427 3901 582 3982 μετόθηκε
610 3906 715 3960 τοῦτον
743 3898 786 3966 εἰς
812 3899 865 3980 την
891 3907 944 3981 τῆς
971 3898 1158 3962 Ναυπάκτου
1185 3897 1357 3984 άγιωτάτην
1386 3903 1501 3985 ταύτην

280 4017 478 4100 μητρόπολιν,
507 4015 542 4087 ὃς
564 4016 602 4098 δὴ
629 4013 789 4098 ἱερώτατος
816 4017 1039 4100 μητρυπυλίτης
1057 4015 1254 4094 Ναυπάκτου,
1278 4015 1438 4101 ύπίραιμος
1462 4019 1499 4084 ἐν

279 4129 357 4216 άγίιρ
378 4135 525 4216 πνεύματι
548 4130 706 4218 ἀγαπητός
729 4132 861 4218 ἀδελφός
883 4131 968 4217 ἡμῶν
991 4139 1044 4197 καί
1065 4136 1305 4218 συλλειτουργός,
1318 4133 1420 4220 ὥσπερ
1441 4145 1497 4220 της

279 4247 449 4332 ίπωνυμίας
471 4258 524 4311 τού
545 4253 660 4333 θρόνου
682 4253 793 4340 ταύτης
814 4254 869 4313 καί
891 4231 944 4316 τοῦ
961 4249 1126 4336 όνόματος,
1150 4246 1245 4324 υύτως
1264 4253 1352 4316 ίσται
1373 4250 1433 4314 κᾶν
1454 4251 1499 4335 τῷ

278 4366 347 4452 ίξῆς
370 4365 419 4430 ιἰεί
441 4371 541 4451 χρόνῳ
564 4373 699 4452 μετίχων
721 4369 776 4434 καὶ
799 4369 959 4434 ἀπολαύων
981 4373 1116 4454 καί-της
1144 4381 1197 4435 τοῦ
1223 4370 1304 4454 ίιρυό
1326 4372 1496 4452 συνθρόνυυ

277 4484 538 4568 ίγκαθιδρύσεως,
562 4483 615 4550 ἅττ
639 4492 763 4572 γνήσιος
785 4487 847 4572 ἤδη
871 4488 1030 4572 ἀρχιερεύς
1052 4491 1103 4552 διὰ
1126 4499 1179 4574 της
1202 4499 1255 4554 τού
1270 4491 1349 4552 θεοῦ
1364 4495 1494 4574 χάριτος
