3314 5266
1276 345 1337 411 571

112 557 208 604 σονον
230 537 323 602 αδτοό
345 537 376 601 ἀν
399 537 440 621 τῷ
460 539 632 621 δηλωθέντι
656 538 778 619 παλαιῷ
807 537 882 618 ναῷ,
905 531 946 606 ὥς
973 529 1128 616 εόρεθόντι
1150 530 1181 594 όν
1203 531 1245 615 τῷ
1264 552 1331 594 τοι-

112 659 197 740 οότιρ
222 659 396 739 καθίσματι
419 658 564 738 πρότερον
589 660 645 719 καί
671 651 728 718 ὑπὸ
756 657 807 717 τόν
837 651 1059 736 μητροπολίτην
1084 649 1253 714 Μελενίκοο
1279 671 1330 714 τε·

114 775 232 848 λοῦντι,
256 770 459 856 δρειλομίνως
482 774 696 856 όνερηοομίνοο
718 775 772 834 καί
792 769 1014 854 ἀποδιδομένου
1034 777 1088 832 τοῦ
1108 775 1333 852 πατριαρχικοό

113 893 313 974 μνημοσόνοο
336 889 367 953 ἓν
390 889 431 974 τᾷ
455 891 625 974 δηλωθίντι
648 891 809 974 μονοδρίιρ,
837 892 892 959 τάς
918 907 953 965 τε
979 889 1037 971 μήν
1065 890 1246 971 διορθώσεις
1272 896 1330 948 τῶν

112 1013 256 1092 ψυχικῶν
289 1011 474 1092 σφαλμάτων
499 1013 622 1071 ποιείτω
644 1005 661 1070 ό
688 1005 912 1090 εὑρισκόμενος.
927 1011 1009 1070 κατὰ
1034 1007 1161 1089 καιροός
1189 1004 1330 1088 ἔξαρχος,

112 1131 172 1189 καί
193 1126 390 1208 διορθοῦσθαι
417 1137 594 1197 κανονικως.
629 1124 694 1188 ἐπεί
720 1127 754 1187 δὲ
782 1127 929 1210 ἐζήτησεν
952 1121 969 1186 ό
991 1133 1126 1194 τοιοῦτος
1151 1125 1332 1204 τιμιώτατος

112 1239 148 1303 ἐν
172 1251 319 1326 μοναχοῖς
340 1250 397 1324 κόρ
419 1241 593 1314 Κάλλιστος
614 1245 668 1304 καί
691 1240 809 1326 ἐδεήθη
832 1252 886 1326 τής
907 1237 993 1325 ήμῶν
1016 1243 1211 1326 μετριότητος
1226 1257 1328 1302 κατα-

114 1369 271 1444 τραφήναι
293 1357 324 1422 όν
345 1358 388 1443 τῷ
406 1363 532 1443 παρόντι
553 1357 648 1444 αότής
670 1359 807 1443 σιηιλλίερ
839 1365 893 1424 καί
915 1361 937 1424 ἀ
957 1365 1105 1444 κέκτηται
1126 1358 1269 1442 κτήματα
1290 1353 1330 1419 δι’

116 1475 275 1560 ἐπίσκεψιν
307 1483 361 1540 καί
391 1481 571 1563 κοβίρνησιν
602 1483 656 1542 καί
676 1482 870 1563 προμήθειαν
893 1489 951 1542 τῶν
973 1476 1036 1563 μετ’
1060 1473 1152 1539 αὐτοῦ
1175 1483 1330 1560 μοναχιόν,

116 1592 209 1660 ἅτινά
231 1594 319 1659 εἰσιν·
343 1579 498 1678 ἀμπίλιον,
521 1593 594 1678 δπερ
615 1596 731 1660 ἔδωκεν
754 1593 770 1660 ό
791 1597 946 1680 Τρεότζος
967 1596 1009 1680 τῷ
1029 1595 1178 1680 μονοδρίιρ
1199 1596 1266 1676 περί
1280 1595 1331 1655 τόν

116 1717 210 1777 τόπον
232 1709 445 1798 εόρισκόμινον
467 1719 517 1778 τόν
549 1717 739 1800 κοιλοόμινον
760 1715 934 1793 Μόλισταν,
966 1715 1069 1798 ἕτερον
1096 1713 1243 1797 ἀμπόλιον
1264 1715 1332 1794 περὶ

116 1835 174 1917 τήν
195 1832 440 1914 Βιτζόγκλαβαν,
463 1832 535 1917 ὅπερ
568 1834 682 1897 ἔδωκεν
716 1833 948 1920 δῪπὲρπορος,
971 1835 1074 1917 ἕτερον
1097 1833 1245 1917 ἀμπόλιον
1278 1833 1333 1892 καί

118 1952 333 2035 ζεογηλατείον
355 1948 555 2036 εὑρισκόμενα
575 1957 644 2034 περί
665 1957 716 2016 τόν
741 1957 831 2017 τόπον
853 1963 907 2037 τῆς
928 1955 1129 2038 Κορεμίστης,
1153 1949 1228 2033 ἅπερ
1251 1948 1331 2012 ἔδω·

117 2087 173 2130 κεν
194 2066 211 2132 δ
233 2066 452 2152 εότοχόστατος
473 2071 623 2154 δεσπότης
637 2071 764 2153 Σερβίας
787 2070 1006 2156 όΟόχκλεσης.
1031 2070 1159 2154 ἐζήτησε
1174 2069 1209 2130 δὲ
1231 2073 1330 2140 τοῦτο,

117 2185 162 2268 ὣς
183 2185 221 2249 ἂν
244 2185 433 2272 ἀναραίρετα
454 2187 508 2252 καὶ
529 2185 607 2253 αὐτὰ
629 2197 724 2252 ταῦτα
745 2195 799 2253 καί
821 2189 911 2265 ἄλλα,
925 2187 984 2253 όσα
1006 2187 1044 2253 ἂν
1065 2190 1186 2250 δοθεῖεν
1207 2187 1282 2268 πρός
1296 2185 1331 2246 τό

120 2307 288 2388 μονόδριον,
305 2305 359 2370 καὶ
381 2305 600 2371 ἀναπόσπαστα
621 2310 770 2382 καθάπαξ
790 2310 993 2393 διατηρῶνται
1016 2304 1065 2371 ἀπ’
1079 2303 1186 2370 αὐτοῦ·
1209 2313 1246 2386 τῇ
1267 2323 1330 2364 πα·

118 2423 269 2507 μακλήσει
288 2428 344 2488 καί
358 2427 452 2509 ταόιη
466 2423 680 2510 προσχοθσαή
697 2430 854 2510 μετριότης
869 2423 957 2522 ήμῶν
968 2425 1211 2508 παρακελεόετσιι
1226 2415 1329 2495 αὖθις,

118 2539 161 2614 ὥς
184 2539 220 2605 ἂν
244 2541 305 2626 ἔχη
326 2547 381 2605 καὶ
402 2553 497 2606 ταῦτα
519 2546 553 2607 τό
575 2545 716 2628 δηλωθὲν
743 2545 902 2628 μονόδριον
924 2549 1033 2627 κυρίως
1065 2546 1119 2606 καί
1144 2543 1331 2610 δεσποτικῶς

116 2665 172 2724 καί
195 2659 402 2746 ἀναραιρότως
424 2662 467 2734 εἰς
489 2663 585 2726 αἰῶνα
617 2667 667 2728 τόν
694 2662 814 2728 ἅπαντα
847 2668 923 2749 μήτε
954 2667 1038 2746 παρὰ
1069 2673 1127 2726 των
1160 2660 1330 2743 ἐκκλησια-

119 2779 226 2861 στικήν
246 2784 489 2863 περιεζωσμένων
510 2781 600 2866 ἶσχόν
623 2780 786 2866 ἀρχιερέων
808 2784 949 2867 δηλονότι
970 2787 1024 2846 καί
1050 2781 1152 2866 ἱερέων
1174 2782 1228 2842 καί
1248 2778 1330 2860 κλη-

119 2906 225 2980 ρικιῐνν,
249 2901 325 2983 μήτε
345 2901 430 2981 παρὰ
452 2910 510 2963 τῶν
531 2904 570 2964 τό
591 2905 729 2984 κοσμικά
750 2907 804 2965 καί
826 2903 961 2986 δημόσια
983 2899 1180 2983 ἐνεργούντων
1203 2899 1256 2982 τήν
1277 2917 1331 2958 το-

119 3024 238 3100 χοόσαν
271 3012 399 3102 εόρήσον
430 3023 503 3082 ποτί
536 3030 593 3088 τῶν,
619 3032 732 3103 καιρῶν
755 3022 947 3104 διτνόχλησιν
969 3024 1023 3082 καί
1047 3018 1190 3103 ἐπήρειαν
1213 3014 1262 3080 ἐπὶ
1293 3023 1331 3097 πή

118 3145 241 3217 κατοχῇ
262 3138 315 3196 καί
337 3147 416 3218 νομῇ
437 3141 492 3199 καί
513 3137 676 3218 δεσποτεία
696 3143 749 3202 καί
771 3142 927 3220 κυριότητι
941 3141 1051 3200 τούτων
1067 3135 1216 3210 ἁπάντων,
1239 3131 1331 3216 όγόιρ

119 3250 295 3336 ἀνοχλήσων
318 3251 438 3338 αὖτηῐή
462 3252 637 3340 ἀφαιρήσειν
667 3279 708 3331 τι,
733 3255 783 3340 ἀφ’
806 3255 846 3318 ὧν
870 3259 903 3319 τό
926 3266 1060 3320 τοιοῦτον
1089 3255 1247 3338 μονόδριον
1273 3256 1330 3315 κδ-

119 3391 230 3454 κτηται
250 3369 270 3456 ή
294 3369 339 3443 εἰς
361 3374 395 3434 τό
418 3369 486 3456 όξής
508 3377 761 3459 προσκτήσεσθαι
778 3376 884 3457 μόλλεί
906 3378 1067 3458 κτημότων
1084 3378 1136 3436 καί
1159 3372 1260 3436 ἀλλων
1282 3371 1331 3434 δι·

119 3493 301 3574 καιωμάτειν
323 3494 378 3554 καί
397 3497 576 3574 προνομίαν,
600 3491 702 3564 όποῖος
725 3492 761 3555 ἂν
783 3498 837 3556 καί
860 3493 907 3577 εἴη
928 3492 944 3556 ό
965 3503 1052 3556 τοῦτο
1075 3492 1245 3574 τολμήσων,
1269 3487 1329 3551 εἴτε

118 3611 241 3680 τοπικός
264 3607 422 3693 ἀρχιερεὺς
443 3608 464 3694 ή
485 3610 635 3694 κληρικός
650 3610 670 3695 ή
686 3610 788 3696 ἄρχων
810 3610 899 3696 ήκαί
920 3613 1077 3695 δημόσιος,
1098 3609 1182 3684 ἵστω,
1199 3607 1239 3679 ὥς
1256 3607 1328 3669 ἀνο-

117 3747 174 3809 χος
207 3725 295 3790 ἔσται
316 3727 357 3812 τῷ
375 3731 459 3810 παρὰ
473 3736 527 3811 τής
540 3725 628 3812 ήμῶν
643 3732 837 3813 μετριότητος
853 3728 990 3812 ἐπιτιμίῳ
1014 3737 1067 3792 τοῦ
1091 3727 1273 3812 ἀφορισμοῦ,
1288 3723 1330 3797 ὣς

119 3843 274 3927 ἱερόσυλος
289 3843 429 3929 ἄντικρυς
439 3849 632 3930 κριθήσεται,
646 3846 749 3931 όπειδή
761 3847 778 3911 ό
791 3846 930 3912 ἀποσπᾶν
945 3852 999 3912 καί
1014 3847 1202 3934 ἀφαρπάζειν
1215 3849 1328 3928 πετρό-

120 3983 209 4044 μενος
241 3969 280 4028 τὰ
301 3963 342 4048 τῷ
362 3965 428 4048 θεῷ
449 3961 529 4037 ἅπαξ
545 3961 734 4029 ἀνατεθέντα
748 3971 802 4031 καί
817 3965 1030 4055 ἀριερωθένια
1044 3978 1106 4038 τοῖς
1127 3975 1185 4028 τῶν
1209 3964 1329 4049 ἱεροσό-

118 4081 178 4145 λων
200 4077 359 4164 ἀπιτιμίοις
381 4079 546 4146 ἀπόκειται.
572 4079 607 4147 οό
634 4085 692 4168 μήν
715 4083 796 4149 ἀλλὰ
817 4089 872 4149 καὶ
892 4097 968 4162 πᾶν,
1002 4083 1075 4169 ὅπερ
1098 4083 1134 4148 ἂν
1158 4085 1328 4168 βουληθείη

117 4201 255 4282 ποιήσειν
277 4199 310 4261 ἀν
333 4195 414 4284 αδτῷ
428 4198 445 4263 ό
460 4205 640 4285 τιμιώτατος
662 4199 750 4276 οὗτος
765 4204 797 4267 ἀν
812 4216 960 4290 μοναχοῑς
975 4213 1034 4287 κῡρ
1048 4204 1231 4278 Κάλλιστος,
1248 4199 1328 4286 ἀρο-

118 4326 175 4400 ρόν
197 4316 241 4388 είς
263 4319 406 4381 σόστασιν
428 4323 482 4382 καί
504 4321 660 4401 βελτίοσιν
684 4320 776 4386 αότοό
798 4327 851 4387 καί
865 4328 983 4388 πόντων
999 4333 1057 4386 τῶν
1080 4321 1111 4386 όν
1134 4320 1216 4406 αδτιρ
1235 4341 1326 4386 πνεο-

119 4436 248 4519 ματικήν
270 4433 404 4501 ἀπίδοσίν
426 4459 458 4500 τε
473 4443 527 4512 καί
540 4441 707 4524 προκοπήν,
724 4445 757 4505 τό
773 4447 899 4524 στίρχον
915 4442 998 4526 ἔχειν
1013 4440 1130 4526 όρείλει
1148 4445 1202 4504 καί
1215 4461 1326 4504 παντε-

118 4553 177 4626 λός
199 4553 460 4641 ἀπαρεγχείρητόν
482 4578 514 4620 τε
536 4563 590 4621 καί
612 4558 815 4625 ἀκατάλοτον.
838 4560 886 4624 ἐπὶ
901 4563 996 4644 τοότιρ
1011 4565 1069 4644 γὰρ
1085 4563 1209 4638 γεγονός
1224 4565 1278 4624 καί
1293 4562 1327 4622 τὸ
