3258 5282
1152 361 1155 370 .
1277 308 1335 372 411

122 505 221 560 τασαν
243 496 370 580 δύναμιν
393 497 532 559 στιύστιν
553 491 632 560 ὅσοι
653 499 898 583 παραφυλάττειν
913 494 987 560 αότό
1004 495 1172 577 ἀκλόνῆτον
1186 495 1242 555 καὶ
1256 491 1338 556 ἀττα-
1376 543 1378 546 .

121 615 309 696 ρασάλιοτον
331 611 375 684 τίς
396 616 435 677 τὰ
455 620 511 696 τῆς
533 611 702 698 ίκκλησίας
724 613 879 698 όρόόόοξα
900 618 955 677 καί
977 610 1047 697 ύγιῆ
1061 615 1213 694 όόγματα,
1234 614 1290 672 καί
1311 607 1342 670 τί

118 753 146 795 τι
166 753 226 796 τοο
248 731 396 816 όοσχιρλς
416 736 471 796 καί
496 730 666 796 ἀλλόκοτον
693 737 748 796 καί
773 735 857 807 ίίνον
884 741 938 817 τῆς
966 729 1070 810 ύγιοῦς
1094 727 1180 816 ῆμῦν
1205 731 1261 792 καί
1283 725 1337 810 ύρ-

117 851 252 927 όοῦόεοο
272 857 402 923 τίστιας
423 849 559 935 ύμτίσοι,
578 858 724 916 ταντοίαν
739 855 889 916 τίόιοόαι
903 854 957 936 τῆν
972 851 1106 934 στοοόῆν
1121 851 1244 933 μακρὰν
1260 844 1338 910 ἀτι-

115 971 238 1034 λαύντιν
271 967 360 1046 αὐτό,
385 969 437 1032 ἵνα
463 971 505 1054 μῆ
531 971 613 1054 λύμη
639 990 684 1042 τις
710 971 826 1054 ψοχικῆ
854 968 1030 1054 ίτιγόνῆται
1058 977 1096 1052 τῆ
1122 973 1176 1030 τσῦ
1201 963 1337 1046 Χριστοῦ

115 1087 227 1174 ἀγέλη,
248 1093 303 1152 καί
324 1092 376 1152 τόν
397 1089 489 1165 λόγον
510 1083 599 1172 ἡμεῖς
621 1087 650 1152 οἱ
670 1093 839 1173 προστάται
858 1098 913 1172 τῆς
934 1085 1104 1172 ίκκλησίας
1125 1087 1203 1148 βιοῦ
1226 1080 1336 1146 ἀποτί-

5 1285 6 1300 ¹
115 1225 228 1289 σαμον.
251 1210 394 1284 γινιόσκιι
415 1203 468 1269 ούν
488 1204 509 1291 ῆ
532 1205 686 1292 ύγιασύνῆ
708 1227 774 1283 σοο,
797 1203 879 1278 ότοις
902 1209 960 1290 τρό
985 1211 1095 1288 καιροῦ
1122 1222 1203 1272 τινος
1224 1196 1338 1270 ότοόός

5 1305 6 1360 3
113 1321 130 1386 ό
153 1333 215 1386 τῶν
238 1327 375 1396 ζιζανίων
399 1325 536 1407 οκοριύς,
560 1323 577 1388 ό
597 1327 796 1408 ταμτόνῆρος
818 1324 978 1406 όιόβολος,
1000 1323 1051 1386 τόν
1061 1319 1228 1402 Καλαβρόν
1249 1315 1333 1380 &2⁸1-

111 1461 176 1517 νον,
199 1444 251 1504 τόν
274 1441 310 1506 ίκ
335 1444 491 1507 λατινικοῦ
517 1449 623 1521 γίνοος
645 1440 820 1526 ὁρμύμινον
841 1441 995 1525 Βαρλαὰμ
1016 1439 1191 1523 ιίσῆνιγκιν
1218 1431 1333 1520 αἶρισιν

113 1559 160 1632 τίς
183 1561 239 1644 τῆν
260 1559 430 1645 ύκκλησίαν
452 1563 531 1626 θοοῦ
552 1581 583 1624 κ.
606 1583 631 1625 τ.
654 1562 683 1624 λ.
705 1559 777 1624 vido
798 1559 970 1626 chxvl.
992 1557 1046 1622 111.
1067 1577 1139 1643 pag.
1162 1555 1234 1622 407.
1256 1557 1286 1632 †.

292 1744 479 1810 chxxvll.
503 1747 742 1824 (6869-1360)
764 1749 794 1808 4.
810 1743 981 1808 decembris
995 1741 1058 1806 ind.
1074 1739 1157 1806 XIV.

139 1901 282 1958 Μιαω
302 1905 448 1956 mamae
468 1904 582 1958 aem·
603 1903 779 1957 οιιααηιω
799 1913 826 1956 α
845 1901 977 1962 ποιαί..
996 1901 1130 1973 μαψ
1146 1901 1301 1971 mum.

197 2043 324 2123 1.va
346 2043 475 2129 ύνόματι
495 2055 550 2110 τοῦ
571 2051 687 2129 κορίοο,
711 2045 802 2130 ἂμῆν.
827 2045 896 2117 ίτος
917 2053 972 2128 τῆς
988 2043 1139 2128 ίνσύρκοο
1153 2043 1331 2127 οἰκονομίας

108 2165 209 2246 χίλιοι
231 2167 403 2246 τριακόσιοι
424 2163 654 2248 όξῆκοντατριίς
675 2170 782 2248 χρόνοι
803 2161 888 2235 ὄντος
910 2162 971 2242 ύγό
986 2167 1049 2249 ρρύ
1062 2161 1230 2238 Νικόλαος,
1252 2163 1331 2224 όιοῦ

107 2285 214 2366 χύριτι
235 2286 291 2346 καί
312 2291 366 2346 τοῦ
389 2280 595 2346 ἀτοστολικοῦ
617 2285 730 2366 ύρόνοο
753 2281 918 2352 ύτίσκοτος
931 2281 1090 2365 Χιμόρρας
1112 2284 1167 2344 καί
1181 2278 1327 2362 Κοίίλης,

106 2398 144 2463 ὲκ
167 2409 224 2483 τῆς
246 2402 359 2473 τάξιας
381 2411 439 2463 τῶν
460 2402 611 2486 κηρύκων,
628 2403 680 2464 όιὰ
702 2409 756 2484 τῆς
771 2401 928 2484 ταρούσῆς
945 2396 1031 2484 ἡμῶν
1047 2408 1165 2484 γραρῆς
1179 2395 1234 2460 καὶ
1248 2394 1326 2480 όμο-

106 2517 219 2595 λογίας
241 2516 457 2602 ἆτοβύλλομιν
480 2514 575 2602 αύτῆν
596 2519 650 2602 τῆν
672 2516 841 2602 ύκκλῆοίαν
862 2518 1023 2601 Χιμαίρρας
1044 2521 1100 2580 καί
1112 2514 1248 2600 Κοζίλῆς
1271 2516 1330 2600 ίμ-

104 2638 244 2718 ττροσθιν
266 2643 319 2698 τοῦ
340 2639 572 2713 ’ταναγιιοτύτοο
593 2638 708 2720 τατρός
731 2640 787 2699 καί
808 2644 902 2719 κοροῦ
918 2635 1103 2710 Καλλίστου,
1116 2643 1170 2718 τῆς
1192 2631 1329 2712 ἁγιωτά-

105 2776 162 2839 της
185 2753 356 2838 ίκκλῆσίας
378 2763 431 2838 τῆς
445 2753 793 2826 Κονοταντινοοτόλιιος
806 2755 996 2838 ταιριόρχοο
1011 2752 1187 2829 αἰξιατύτοο,
1203 2756 1257 2816 καί
1271 2761 1331 2816 τόν

104 2873 286 2958 ἀρχιτρίιον,
302 2869 397 2936 αὐτοῦ
418 2875 602 2956 καόῆμίνοο
624 2873 672 2936 ίτί
694 2875 808 2956 όρόνοο
829 2877 884 2936 καί
906 2875 960 2957 τῆν
975 2874 1172 2957 όικαιοσόνῆν
1194 2869 1329 2936 ύκάστοο

1 3077 2 3082 ¹
104 2988 274 3074 ύιιοοργῦν,
297 2989 329 3052 όν
349 2988 451 3074 ῆμίρα
472 3001 653 3074 ταρασκιοῆ
675 2993 710 3054 τό
724 2996 811 3074 τρισί,
827 2995 956 3074 τιτοίρτῆ
978 2999 1032 3054 τοῦ
1047 2991 1207 3074 όικιβρίοο
1222 2993 1330 3076 μηνός,

1 3089 2 3138 3
103 3109 163 3172 ὶνό.
187 3108 231 3172 ιδ’.
255 3110 346 3190 χάριν
368 3109 619 3188 όίβιβαιῦσιονς
642 3107 825 3193 όβοολλώόη
849 3112 882 3172 τό
909 3111 1006 3191 παρόν
1031 3105 1178 3192 ῆμίτιρον
1201 3112 1331 3193 γράμμα

105 3229 186 3309 μετὰ
207 3235 262 3310 τῆς
283 3221 434 3309 ἡμττίρας
457 3223 675 3310 ἀρχιερατικῆς
697 3227 829 3310 βούλλης
851 3230 881 3305 †.

193 3343 347 3422 γἘγιύ
380 3342 613 3416 Νικόλαος
646 3343 802 3426 οίκιία
833 3350 956 3429 χιιρί
990 3349 1249 3428 αρσσίταξα
1280 3350 1310 3424 †.

644 3549 792 3563 mum

191 3696 231 3760 ll.
252 3695 426 3772 γΠιστιύιο
442 3693 485 3767 τίς
498 3694 555 3759 ύνα
569 3699 645 3760 θοόν
666 3719 696 3762 κ.
713 3721 739 3763 τ.
755 3699 784 3764 λ.
806 3704 861 3765 καί
882 3699 925 3773 τίς
947 3702 1000 3785 τῆν
1021 3703 1090 3783 τιρί
1103 3702 1212 3766 τούτοο
1227 3699 1331 3787 οἰορό·

96 3797 192 3878 ’λιιαν
214 3818 269 3877 καί
291 3815 455 3895 βεβαίωσιν
481 3825 623 3890 γιγονοία
650 3819 705 3879 καί
730 3813 750 3902 ἡ
777 3827 920 3900 παροῦσα
948 3839 1007 3901 μοο
1035 3818 1189 3904 ίγγραρος
1216 3817 1332 3903 όμολο-

105 3935 169 4009 γία,
184 3931 222 4016 ῆν
244 3930 437 4016 ίτοιῆσύμῆν
459 3925 516 3994 ότό
538 3931 607 4016 θοῷ
629 3937 756 4016 μύρτορι
776 3940 832 3999 καί
853 3946 916 4008 τοῖς
938 3933 1038 4014 ἁγίοις
1061 3932 1153 4000 αὐτοῦ
1176 3935 1331 4015 όγγίλοις,

105 4054 298 4116 τισταθιίσα
326 4049 448 4113 όναόιν
475 4055 530 4134 μίν
556 4047 691 4135 ἡμιτίρα
720 4052 913 4138 οίκιιοχιίρφ
938 4065 1093 4139 αροταγῆ,
1125 4058 1270 4120 κόταόον
1296 4058 1331 4119 όί

105 4165 286 4254 ύτογραρῆ,
316 4165 453 4252 ίτιῦόθη
481 4179 519 4253 τῆ
546 4165 702 4252 ἁγιωτάτῃ
727 4173 889 4256 καόολικῆ
915 4171 971 4236 καί
997 4171 1188 4259 ατοστολικῆ
1215 4172 1333 4258 όκκλη-

106 4290 161 4368 σία
182 4293 238 4369 τῆς
259 4283 608 4358 Καναταντινοοτόλιιις
629 4291 711 4352 κατὰ
738 4297 819 4373 μῆνα
845 4291 1002 4373 όικίβριον
1024 4300 1079 4376 τῆς
1107 4292 1144 4356 ιδ’
1163 4291 1220 4355 ίνό.
1244 4290 1334 4366 ίτοος

104 4419 156 4478 5⁰⁰
179 4417 237 4468 σου
264 4403 433 4490 όξῆκοστσῦ
456 4407 580 4470 ίννοίτοο
602 4410 632 4485 †.

195 4520 351 4602 ’γΈγύ
384 4522 616 4597 Νικόλαος
649 4523 804 4609 οὶκιία
835 4532 959 4612 χιιρί
991 4526 1187 4603 ύαίταξα
1218 4534 1248 4608 †.
