3314 5266
1287 341 1350 404 589

215 521 254 585 11.
286 517 446 604 ήἘδόθη
479 518 521 604 τῷ
545 517 696 604 ἱερωτάτην
730 521 938 606 μητροπολίτη
961 519 1121 605 Λαρίσσης
1152 524 1234 585 κατόι
1268 532 1350 608 μήνα

127 641 307 723 σεπιίβριον
338 649 393 724 της
416 639 433 702 ι’
452 636 638 710 ίνδικτιδνος
665 635 702 700 δι’
726 637 923 722 ἰντοιλτηρίοο
956 643 1135 724 γράμματος
1156 643 1193 702 τὰ
1217 637 1274 704 όκό
1295 643 1350 725 τήν

127 755 250 840 δνορίαν
283 753 377 822 αότοό
409 767 510 822 πᾶσαν
542 761 750 842 πατριαρχικὰ
772 757 893 834 δίκαια,
914 758 966 824 ἵνα
987 767 1087 844 κρατή
1110 757 1188 838 αὐτὰ
1209 757 1255 846 ἂρ’
1289 757 1349 844 δριρ

126 886 184 960 τῆς
207 881 287 960 ίαής
308 873 402 939 αότοό
423 879 535 960 πάσης.
557 879 666 940 τοότοο
688 881 748 962 γάρ
769 881 860 962 χάριν
876 877 996 956 ίγίνετο
1013 879 1152 944 όνταόθα
1165 875 1254 966 καίή
1269 899 1349 962 παρ-

128 1001 210 1056 οόσα
231 1000 481 1079 παρασημείιοσις
502 999 531 1074 †.

536 1180 735 1246 OCCXXVI.
759 1183 833 1248 Sino
852 1203 942 1246 anno.

260 1319 432 1376 Ραίνίανοίια
446 1323 518 1378 tollit
530 1324 693 1392 ιειιίειᾳίαιπ
707 1325 827 1393 episcopi
840 1323 963 1377 Ηόσνόοτι·
976 1342 1032 1378 ιιοιι
1046 1326 1099 1379 riu
1114 1325 1211 1380 laeam.

214 1470 235 1542 †
270 1465 520 1530 Πιττάκειον
555 1471 896 1552 πατριαρχικδν
932 1467 985 1552 τῷ
1021 1466 1252 1553 όπισκόπιρ
1281 1467 1348 1534 ‘lu-

130 1592 290 1667 ρισσοΐι
325 1589 400 1647 καί
433 1581 581 1663 Ἃγίοο
616 1583 773 1669 Ὄρους
809 1590 839 1664 †.

214 1705 235 1780 †
266 1700 442 1778 Ἐπίσκοπι,
476 1701 633 1768 όπίσκοπι·
657 1699 728 1767 οόδό
751 1702 812 1782 όγιθ
835 1705 925 1781 λόγω,
951 1702 998 1769 δτι
1020 1703 1037 1770 δ
1059 1707 1145 1770 διίνα
1177 1702 1235 1770 οὐκ
1268 1707 1350 1770 δστιν

129 1818 322 1904 άμαρτυλός,
346 1821 427 1885 ἀλλὰ
449 1823 530 1899 λόγου
553 1827 607 1906 μὶν
628 1821 684 1886 καὶ
706 1822 781 1902 δγιθ,
805 1822 852 1888 δτι
871 1825 947 1896 ἴσως
970 1823 1151 1909 ἁμαρτωλός
1184 1824 1262 1903 δστι,
1296 1831 1352 1889 καί

129 1937 289 2024 ἰνδόχεται
310 1941 387 2004 εἶναι
410 1939 530 2026 ἀληθὲς
552 1951 650 2016 τοῦτο,
683 1943 760 2026 πλήν
782 1943 872 2020 λόγου,
908 1940 955 2007 δτι
977 1942 1177 2007 δικανόνιστον
1200 1943 1351 2029 ἕποίησας

128 2059 183 2140 τήν
215 2063 314 2140 κρίσιν
346 2080 403 2121 σου
430 2062 485 2122 καί
506 2061 558 2122 διὰ
581 2070 670 2124 τοῦτο
691 2065 746 2123 καί
769 2059 877 2123 ἄδικον
899 2064 953 2123 καί
977 2063 1165 2144 παράλογον.
1199 2071 1257 2123 τῶν
1291 2064 1351 2144 γὰρ

128 2175 218 2258 ἱερὸν
240 2181 377 2240 κανόνων
399 2180 558 2256 λεγόντοιν,
571 2177 628 2243 όπό
651 2181 682 2254 δε
705 2179 877 2243 ἐπισκόπων
899 2181 1061 2264 κρίνεσθαι
1083 2183 1134 2243 τόν
1148 2182 1350 2264 πρεσβύτερον

129 2293 179 2358 ἰπὶ
202 2294 443 2380 δγκληματικαίς
466 2295 648 2374 δποθόσεσι,
672 2299 709 2360 οό
732 2301 862 2381 σονῆξας
883 2299 1105 2382 πρεσβυτέρους
1138 2302 1192 2361 καί
1213 2318 1350 2380 πνευμα-

127 2413 242 2490 τικοός,
264 2419 319 2478 καί
340 2417 764 2499 κατεδίκασαςπρεσβότερον
777 2419 869 2500 μόνος
891 2414 955 2498 μετ’
979 2410 1088 2492 αὐτῶν,
1111 2417 1238 2479 σύνοδον
1254 2418 1352 2500 δῆθεν

129 2534 345 2616 συγκροτήσας
366 2538 421 2596 καί
443 2538 535 2618 τόμον
550 2537 764 2616 καθαιρόσιιος
780 2536 938 2618 τολμήσας
959 2532 1166 2605 ἀκανονίστιος
1183 2535 1351 2598 λκθίοθαι.

127 2654 185 2712 καί
207 2645 295 2712 οδδόν
317 2651 408 2728 λόγου,
431 2649 478 2714 δτι
501 2651 554 2714 ἐὰν
578 2654 709 2735 συνάξης
730 2656 849 2715 πάντων
871 2663 930 2727 τῶν
946 2649 1114 2735 ἀνθρώπων
1129 2656 1184 2724 τὰς
1200 2649 1353 2736 ἁμαρτίας

128 2777 189 2830 τῶν
212 2772 290 2850 μετὰ
313 2770 367 2853 τήν
389 2773 490 2852 χάριν,
514 2768 582 2832 ἀλλ’
606 2768 659 2832 ἐὰν
681 2773 813 2854 συνάξης
835 2773 954 2835 πάντων
978 2779 1035 2832 τῶν
1058 2769 1161 2852 ἱεράων
1180 2774 1235 2842 τὰς
1249 2769 1353 2854 ἆμαρ-

130 2891 198 2958 τίας
230 2884 291 2949 ἀπὸ
314 2895 367 2950 τοό
389 2891 508 2970 πρώτου
529 2889 678 2968 λαβόντος
700 2890 753 2972 τήν
776 2891 866 2972 χάριν
894 2891 987 2975 μέχρι
1008 2891 1063 2950 καί
1091 2895 1143 2950 τοῦ
1167 2889 1352 2963 τελευταίου,

131 3009 187 3066 καί
208 3008 270 3089 θής
293 3003 338 3067 όπ’
361 3001 451 3088 αὐτῷ,
475 3001 546 3067 οὐδὲ
569 3001 664 3076 οδτους
687 3003 835 3088 ἐποίησας
857 3007 971 3078 καλῶς,
985 3009 1040 3068 καί
1063 3001 1152 3077 αὐτὸς
1176 3011 1230 3088 μὲν
1254 3004 1270 3068 δ
1295 3027 1353 3089 μυ-

133 3127 202 3204 ρίας
225 3119 386 3205 ἁμαρτίας,
410 3119 451 3191 ὡς
473 3122 589 3198 λίγετι,
612 3125 789 3204 πεποιηκός
806 3121 889 3184 οὔπα
910 3124 1127 3204 κατεδικάσθη
1150 3124 1288 3195 δικαίως.
1319 3125 1356 3186 οὐ

134 3239 180 3312 δὲ,
203 3229 360 3314 ἐπίσκοπε,
387 3234 444 3300 οόκ
479 3239 601 3320 ἔκρινας
623 3235 695 3300 οδδὲ
717 3239 928 3309 κατεδίκασας
949 3249 1120 3310 κανονικιῑις
1141 3245 1196 3304 καί
1217 3241 1354 3312 δικαίως.

134 3361 190 3419 καί
212 3359 292 3434 λόγω
315 3361 369 3418 καί
390 3359 495 3440 γράφου
518 3365 607 3419 τοῦτο
628 3356 789 3431 πολλάκις,
823 3361 877 3418 καί
905 3357 942 3419 σὺ
966 3351 1054 3418 οὐδὲν
1079 3359 1185 3429 θόλεις
1207 3356 1354 3437 οὐδόλοες,

133 3474 185 3537 ἰ’να
207 3471 416 3558 ὁμολογήσῃς,
439 3470 485 3535 δτι
507 3483 613 3542 κακῶς
636 3472 792 3555 ἐποίησας·
818 3471 899 3534 ἀλλὰ
921 3478 1068 3549 γίνωσκε,
1102 3471 1148 3536 δτι
1170 3479 1224 3538 καί
1247 3477 1355 3540 δίκαια

134 3596 191 3657 καί
225 3592 332 3676 ἀληθή
355 3589 408 3654 δαν
430 3589 503 3654 ὦσιν
523 3589 598 3662 ἴσοις
619 3593 658 3652 τὰ
679 3587 747 3652 κατ’
775 3585 868 3652 αόιοδ
894 3591 1074 3674 λαληθίντα
1106 3594 1160 3653 καί
1191 3598 1355 3678 γραρίντα,

137 3709 206 3777 ἀλλ’
229 3708 333 3796 όπιίή
367 3715 467 3794 κρίσις
493 3731 549 3772 σου
582 3707 684 3792 όκιίνη
716 3709 868 3772 κατόλοσι
900 3709 971 3780 τούς
1005 3708 1105 3792 ἱεροός
1126 3715 1270 3789 κανόνας,
1302 3713 1359 3778 καὶ

138 3829 271 3902 άδεκτός
298 3829 362 3892 δοτι
384 3833 438 3891 καί
460 3825 477 3890 ό
500 3828 665 3908 λεγόμενος
688 3825 802 3897 ἐκεῖνος
829 3829 922 3909 τόμος
949 3830 1004 3888 καὶ
1035 3829 1282 3911 καταλιλυμίνος
1303 3837 1358 3894 καί

139 3946 324 4031 ἀπόβλητος,
346 3945 405 4017 ἕως
428 3943 464 4007 ἂν
487 3949 611 4028 γίνηται
633 3945 760 4015 σόνοδος
782 3945 930 4026 κανονική
953 3947 1007 4006 καί
1029 3945 1135 4006 δικαία
1157 3944 1177 4030 ή
1198 3953 1284 4030 παρα
1305 3957 1358 4012 τοῦ

141 4068 366 4150 μητροπολίτου
389 4085 444 4126 σου
465 4061 485 4146 ή
507 4062 724 4145 πατριαρχική,
751 4065 806 4124 καί
838 4065 907 4124 τότε
940 4065 1101 4144 γενήσεται
1133 4069 1188 4128 καί
1209 4062 1229 4150 ή
1252 4067 1360 4130 δικαία

139 4188 195 4247 καί
218 4183 346 4266 ἔννομος
367 4185 467 4264 κρίσις
488 4201 521 4242 τι
543 4183 597 4241 καί
619 4178 781 4263 ἀπόρασις,
814 4183 870 4241 καί
892 4181 959 4241 τότε
989 4179 1064 4251 ἴσοις
1091 4185 1222 4266 μαθήσῃ
1246 4183 1301 4246 καὶ
1322 4186 1361 4248 σό

141 4307 317 4386 πράγμασιν
350 4299 452 4369 αότοῑς
474 4299 527 4379 τήν
550 4297 599 4359 όπί
625 4299 742 4367 τούτοις
768 4297 935 4380 κανονικήν
956 4302 1011 4360 καί
1033 4297 1160 4381 δννομον
1194 4306 1294 4385 κρίσιν
1328 4325 1361 4366 τε

142 4427 197 4484 καὶ
220 4419 384 4505 ἀπόφασιν,
408 4415 473 4478 όπιί
494 4415 600 4490 λόγοις
621 4435 653 4475 τε
675 4419 729 4476 καί
752 4417 927 4496 γράμμασιν
950 4415 1087 4478 όνιαυτόν
1103 4414 1176 4480 ὅλον
1195 4417 1361 4484 δκιίναδι-

142 4540 338 4620 δασκόμινος
358 4530 428 4616 παρ’
451 4529 527 4614 δμοό
559 4527 642 4593 οδπιο
667 4533 722 4594 καί
742 4537 794 4593 νῦν
816 4528 973 4616 όδυνήθης
995 4535 1118 4614 μαθεῖν.
1152 4541 1221 4618 περί
1243 4538 1278 4600 δό
1301 4547 1360 4600 τῶν
