3314 5266
310 301 373 366 562

312 490 366 570 τῆν
397 487 592 568 υικαιυσόνην
623 490 778 568 προσῆκον
801 482 1001 568 ἀπάρχεσθαι
1022 484 1133 566 τοότιρ,
1167 481 1249 546 ἀσάν
1283 483 1325 566 μῆ
1358 480 1524 565 ἀχάριστοι

309 608 377 688 περί
397 604 449 666 τάν
471 600 629 685 εόεργότην
651 599 784 687 δφθείεν,
817 600 855 664 δι’
878 597 971 665 αάτοῦ
1004 605 1063 684 γάρ
1085 602 1219 683 βασιλεῦς
1241 603 1436 683 βασιλεύουσι
1467 603 1523 663 καί

310 724 456 787 δυνάσται
476 728 625 803 κρατοῦσι
646 729 713 804 γῆς.
734 721 787 783 διὰ
800 729 891 783 τοῦτο
907 719 998 803 κάμί,
1022 720 1186 804 ίπιιδῆπερ
1198 717 1218 805 ἡ
1232 724 1330 782 πόντα
1344 720 1523 801 κυβερνῶσα

308 843 362 902 καί
383 839 563 902 διιθῦνουσα
584 839 710 919 πρόνοια
730 838 849 900 πόλεων
870 841 926 900 καί
947 846 1054 920 χιερῦν
1087 835 1143 900 οάκ
1166 835 1275 914 ἀλίγον
1306 832 1445 919 ἡγεμόνα
1466 839 1523 897 καί

310 959 447 1042 ἀρχηγόν
468 958 687 1039 προεστῆσατο,
709 956 780 1018 δίον
803 953 840 1018 ἀν
863 955 920 1038 εἴη,
942 957 1087 1036 καθάπερ
1120 955 1190 1024 τοῦς
1216 951 1357 1036 ἀρίστους
1387 962 1447 1016 τῶν
1467 953 1521 1016 la-

309 1085 396 1160 τρίῦν,
420 1077 461 1158 μῆ
484 1077 575 1157 μόνον
596 1075 653 1143 τάς
675 1070 889 1157 ἀπερχομίνας
911 1071 954 1143 εἰς
980 1075 1015 1134 τό
1038 1071 1107 1154 ἑξῆς
1130 1071 1252 1142 ἀδικίας
1273 1071 1324 1135 οίά
1355 1091 1423 1134 τινα
1445 1072 1522 1154 μάλ-

308 1197 402 1259 λοντα
422 1195 511 1278 πάθη
532 1191 788 1274 προαναστίλλειν
810 1203 872 1263 τοῖς
892 1191 1148 1276 προφολακτικοίς
1163 1201 1220 1253 τῶν
1239 1195 1417 1275 φαρμάκων,
1441 1189 1523 1252 ἀλλά

307 1318 362 1376 καί
384 1311 413 1375 εί
431 1334 459 1374 τι
480 1320 539 1374 τῶν
561 1307 677 1372 ἀδίκων
700 1307 890 1391 εἰσεκώμασε
911 1309 1074 1391 προλαβόν,
1098 1307 1256 1391 ἀνατεμεῖν
1277 1313 1332 1371 καί
1352 1307 1521 1372 ἀνακαθά-

307 1452 359 1514 ραι
380 1440 418 1513 τῆ
441 1433 581 1512 μαχαίρας
601 1436 656 1510 τῆς
679 1424 831 1499 ἔξουσίας·
854 1421 890 1488 οό
913 1430 971 1509 γὰρ
994 1425 1074 1509 εἰκῆ,
1107 1430 1191 1511 φησί,
1225 1428 1336 1510 ταύτην
1358 1435 1519 1511 φοροῦμεν,

306 1549 446 1610 διάκονοι
477 1547 556 1608 θεοῦ
578 1546 737 1621 γεγονότες
759 1548 813 1606 καί
834 1542 879 1613 είς
900 1539 975 1606 αότό
1000 1551 1089 1606 τοῦτο
1120 1553 1423 1627 προσκαρτεροῦντες.
1456 1542 1522 1608 ἀπιί

307 1669 404 1728 τοίνυν
427 1662 579 1748 Στόφανος
601 1659 716 1732 ἐκεῖνος
739 1659 756 1724 δ
778 1659 924 1745 Οάρεσης,
947 1660 1075 1744 Σερβίας
1097 1667 1151 1724 καί
1172 1657 1341 1744 Ῥυμανίας
1363 1658 1519 1744 αόποκρό-

306 1804 380 1866 πορα
414 1779 521 1844 ίαοτόν
554 1779 696 1856 ἀνειπιδν,
729 1781 771 1863 τῷ
796 1775 865 1862 όψει
890 1787 943 1842 τοῦ
971 1777 1141 1862 ἀξιώματος
1165 1783 1219 1842 καί
1240 1781 1282 1864 τῷ
1302 1783 1433 1862 μεγέθει
1464 1788 1520 1862 τῆς

307 1899 443 1974 ἔξουσίας
475 1899 529 1982 την
554 1898 685 1980 καρδίαν
711 1900 927 1980 συνεπαρθείς,
954 1895 990 1960 οό
1014 1901 1105 1981 μόνον
1131 1901 1185 1969 τάς
1207 1896 1370 1981 ἀλλοτρίας
1401 1901 1457 1961 καί
1478 1899 1520 1981 μῆ

306 2015 509 2100 ἀποκειμίνας
531 2009 615 2097 αότῆῖ
637 2016 743 2087 πόλεις
767 2015 995 2087 πλεονεκτικοίς
1020 2013 1194 2100 ὀφθαλμοῖς
1220 2015 1315 2098 ίείρα,
1340 2021 1395 2079 καί
1424 2016 1520 2080 ἄδικα

305 2139 376 2222 ξίφη
397 2137 478 2199 κατὰ
500 2143 557 2198 τῶν
580 2134 676 2218 μηδὲν
701 2130 892 2218 ἠδικηκότων
919 2131 1061 2218 όγόμνοο,
1093 2137 1149 2198 καί
1169 2143 1224 2219 τῆς
1250 2129 1408 2219 βαμαίκῆς
1431 2133 1518 2198 ἀλευ-

305 2257 415 2336 θερίας
435 2255 489 2315 καί
508 2252 662 2322 πολιτείας
684 2252 754 2323 τοῦς
776 2253 870 2335 ταθτρ
893 2253 1005 2335 φόντας
1026 2255 1081 2314 καί
1101 2256 1269 2337 τραφίνιας
1290 2255 1345 2313 καί
1364 2248 1519 2338 αόξηθίν-

306 2392 362 2443 τας
383 2369 504 2440 ὶλεινῦς
526 2366 698 2452 ἀπεστίρει,
721 2366 803 2432 ἀλλά
824 2374 879 2432 καί
900 2389 991 2452 μεχρι
1012 2379 1070 2432 τῶν
1092 2371 1187 2432 θείαν
1208 2371 1262 2454 τῆν
1295 2367 1419 2434 ἀδικίαν
1452 2368 1518 2443 ἀξί-

306 2507 383 2550 τεινε
406 2490 461 2550 καί
481 2491 520 2550 τά
543 2485 657 2570 ἀρχαία·
679 2494 733 2570 τῆς
755 2487 925 2570 ἀκκλησίας
947 2490 1068 2570 θεσμά,
1091 2487 1137 2552 δτι
1158 2491 1212 2552 καί
1243 2491 1282 2552 τὰ
1304 2498 1362 2551 τῶν
1383 2493 1520 2572 πατόρεεν

306 2603 375 2690 ὅρια
396 2613 502 2674 κακῶς
523 2593 711 2686 ὑπερβαίνειν
737 2607 791 2666 καί
812 2604 945 2668 διασπᾶν
968 2605 1148 2689 ίπεχείρησι
1180 2609 1235 2668 καί
1256 2610 1456 2689 κατατίμνειν
1477 2604 1522 2676 τίς

308 2721 482 2806 ἀνισότητα,
505 2719 605 2806 ὥσπερ
627 2720 731 2806 ότερός
752 2745 798 2794 τις
819 2732 877 2786 τῦν
900 2721 931 2796 ἀί
953 2719 1082 2805 οόρανοῦ
1114 2726 1220 2807 κριτῆς
1252 2744 1284 2785 τε
1308 2720 1363 2785 καί
1383 2724 1522 2806 νυμοθί-

307 2854 361 2923 της
383 2850 441 2903 τῶν
463 2841 605 2903 τοιοῦτον
625 2840 830 2924 κατατολμῶν
860 2844 916 2903 καί
946 2843 1039 2924 νόμον
1059 2842 1162 2924 κόριον
1195 2841 1237 2924 μή
1260 2837 1307 2903 δτι
1327 2859 1363 2917 γε
1384 2849 1443 2902 τόν
1466 2838 1523 2904 ἀν-

307 2959 475 3040 θρωπίνων,
499 2955 580 3020 ἀλλά
600 2962 655 3020 καί
676 2968 733 3022 τῶν
755 2961 849 3022 θείαν
869 2963 1055 3042 πραγμάτων
1076 2959 1111 3021 τδ
1133 2957 1243 3022 ἑαυτοῦ
1264 2959 1363 3029 τιθείς
1384 2960 1524 3042 θέλημα,

308 3071 599 3158 αάτοχειροεόνητσν
622 3079 677 3158 μίν
700 3073 906 3148 ἀκανονίσπσς
929 3075 1085 3138 ἀπλάσατο
1106 3078 1312 3161 πατριάρχην,
1335 3073 1393 3138 οῦκ
1415 3073 1526 3153 δλίγας

308 3192 343 3252 δὲ
377 3192 578 3274 μητροπόλεις
610 3199 665 3274 τῆς
697 3193 873 3276 καθολικῆς
904 3203 958 3257 τοῦ
990 3193 1123 3276 Χριστοῦ
1159 3192 1329 3276 ἀκκλησίας
1363 3195 1525 3278 τολμηρός

309 3307 496 3393 ἀφαρπάσας
518 3305 685 3371 ἀπεδίδοτε
707 3311 817 3393 τοῦπερ,
850 3309 1019 3374 κάντεῦθεν
1041 3313 1153 3396 σονίβη
1176 3315 1296 3395 σχίσμα
1327 3320 1382 3395 τῆς
1403 3309 1524 3397 ἀκκλη-

309 3431 379 3498 σίας
412 3424 449 3488 οῦ
470 3447 499 3488 ει
521 3429 648 3509 σμικρόν
670 3431 859 3512 γεγενῆσθαι
879 3432 934 3492 καί
954 3433 992 3492 τά
1015 3429 1093 3512 μόλη
1114 3437 1169 3491 τοῦ
1195 3431 1336 3510 στόματος
1368 3437 1422 3492 τοῦ
1444 3429 1523 3510 Χρι-

309 3554 382 3607 στοῦ
404 3547 459 3606 καί
480 3553 534 3628 τῆς
555 3547 693 3630 κεφαλῆς
716 3544 834 3616 ἀθλίως
866 3545 1076 3631 ἀπορραγῆναι
1107 3551 1162 3608 καί
1182 3555 1237 3630 τῆς
1258 3545 1318 3610 ἀπό
1345 3554 1400 3629 τῆς
1421 3565 1524 3630 κεφα-

309 3663 365 3744 λῆς
399 3665 528 3742 ζωτικῆς
559 3664 725 3746 προιούσης
757 3663 913 3745 δυνάμεως
945 3665 1134 3748 στερηθῆναι
1154 3665 1208 3726 καί
1229 3665 1432 3748 νεκρωθῆναι,
1467 3659 1525 3727 οάκ

311 3777 485 3862 ἀντχομίνη
516 3774 536 3863 ἡ
571 3779 713 3858 βασιλεία
747 3801 805 3862 μου
837 3781 890 3862 τῆν
923 3781 1064 3864 τοιαόιην
1097 3778 1294 3864 καινοτομίαν
1314 3783 1369 3843 καί
1402 3777 1526 3844 ἀδικίαν

309 3891 385 3975 όριβν
409 3893 598 3978 ἀδιόρθωτον
620 3895 676 3961 καί
696 3892 753 3960 ἀπὸ
774 3899 828 3981 τῆν
852 3895 926 3982 ἀμῆν
949 3896 1088 3971 ἀξουσίαν
1109 3901 1163 3959 καί
1184 3908 1273 3982 χεῖρα
1295 3899 1445 3961 τοσοῦταν
1468 3897 1525 3964 ἀν-

308 4013 440 4092 θρώπων
462 4015 593 4096 όυχικάν
615 4011 756 4098 ὄλεθρον,
790 4013 890 4100 ὥσπερ
923 4015 951 4078 εἰ
973 4018 1014 4100 μῆ
1037 4027 1099 4086 τοῖς
1119 4014 1282 4098 Ῥωμαίοις
1314 4017 1368 4099 τῆν
1391 4015 1525 4099 ἀρχαίαν

311 4127 458 4214 ἀποδοίην
481 4129 670 4214 ἀλευθερίαν,
704 4131 781 4194 ὥστε
802 4139 884 4197 κατὰ
907 4136 977 4206 τοῦς
1000 4133 1098 4217 ίεροός
1130 4137 1184 4196 καί
1206 4137 1312 4205 θείους
1333 4138 1446 4217 νόμους
1466 4143 1526 4196 ιεἐν

311 4247 461 4326 βασιλέων
492 4250 712 4314 πολιτεύεσθαι
746 4253 836 4314 πάλιν
868 4257 923 4315 καί
955 4263 1009 4337 τῆς
1041 4253 1230 4337 βαρβαρικῆς
1263 4253 1439 4335 τυραννίδος
1471 4250 1527 4314 καὶ

312 4359 434 4434 ἀδικίας
457 4363 678 4450 ἀπηλλαγμίνη
699 4370 849 4442 καθάπαξ
873 4370 1031 4446 διατιλεῖν,
1065 4367 1188 4450 ἀβίοτον
1211 4367 1289 4431 είναί
1311 4389 1364 4452 μοι
1385 4371 1438 4431 τόν
1460 4370 1526 4450 βίον

311 4479 397 4542 δοκεῖ
433 4478 528 4555 οάπιος
550 4479 607 4546 οῦκ
630 4483 734 4548 ἔδωκα
756 4481 846 4550 δπνον
869 4499 929 4558 τοῖς
951 4486 1125 4574 ἀφθαλμοίς
1147 4509 1214 4570 μου,
1237 4491 1319 4549 κατὰ
1341 4490 1392 4549 τόν
1413 4485 1445 4548 ἀν
1467 4489 1526 4568 βα-
