3282 5270
1258 303 1319 368 489

104 497 172 560 λίοο
187 489 290 572 αὑτοῦ,
306 491 395 559 ἀτινοι
409 498 462 558 καί
477 493 570 565 πολύς
585 490 622 576 ἡν
638 491 802 576 ἀνερευνῶν
816 493 873 553 καί-
886 495 993 574 ζηιῶν,
1009 494 1062 572 καί
1077 493 1318 575 καταπιόμενός

104 637 191 678 τινοιν
207 613 268 679 ἀπό
282 624 340 678 τίον
356 623 507 697 μοναχῶν,
523 609 564 684 ὣς
580 604 708 695 ὑποψίαν
725 610 805 694 ἔχων
817 609 849 672 έν
861 606 971 681 αὑτοῖς·
988 607 1019 672 ἀν
1034 609 1094 692 μιη
1105 607 1157 672 οὑν
1169 620 1227 672 τῶν
1238 607 1317 695 ἠμε-

103 746 162 816 ριῑιν
179 732 306 819 εἰσῆλθέ
322 729 364 804 είς
387 733 420 794 τύ
443 732 644 814 ροναστήριον
654 733 734 814 γύης
757 751 810 804 τις,
825 731 879 790 καί
894 727 983 804 εἶπεν,
999 727 1152 792 δύνασθαι
1168 723 1264 810 εὑρεῖν
1279 733 1318 792 τὰ

102 850 267 936 ὑπέρπορα,
283 848 374 915 εἰπεῖν
384 851 526 934 δηλονότι
536 851 588 912 τόν
598 849 784 932 κεκλοφότα,
801 845 881 930 εἴπερ
897 846 926 908 οἱ
940 843 1175 930 ὑποπτευόμενοι
1186 843 1318 918 ἅπαντες

101 971 253 1034 δώσουσιν
269 969 398 1052 ύνύχορα
412 978 477 1039 ταῖς
492 965 597 1050 χερσὶν
613 961 715 1029 αὑτοῦ.
736 963 753 1028 δ
770 961 822 1028 οὑν
838 963 994 1036 ἀπολέσας
1008 969 1046 1028 εά
1062 960 1214 1047 ὑπέρκορον
1228 971 1317 1027 τούτο

9 1142 12 1146 .
101 1091 251 1164 ἀπούσας,
264 1091 430 1171 παρεκίνιι
451 1087 575 1157 τούτους
596 1083 725 1168 ίνέχυρα
737 1084 863 1159 δοῦναι,
886 1081 973 1146 ἅτινα
987 1087 1041 1147 καί
1056 1085 1188 1157 ἔδωκαν,
1209 1084 1261 1145 διὰ
1283 1086 1318 1146 τύ

101 1213 145 1292 μὴ
169 1205 395 1273 ὑποπτεύεσθαι
417 1203 466 1270 ἀπὶ
485 1205 580 1268 πλέον
601 1203 649 1268 ἀπὶ
670 1213 709 1287 τῇ
730 1213 790 1266 τῶν
810 1198 982 1287 ὑπερπύρυν
1004 1204 1116 1287 κλοπῇ.
1149 1201 1166 1267 ὑ
1189 1206 1243 1286 μέν
1265 1199 1318 1265 οὑν

100 1333 178 1412 γύης
198 1329 281 1409 παρὰ
302 1335 360 1388 τόν
382 1326 476 1409 φίλων
498 1326 661 1407 δαιμονίαν
683 1327 737 1384 καί
758 1323 948 1406 φιλοψεοδιδν
971 1319 1060 1386 οὑδόν
1083 1322 1213 1404 ύμαδιν,
1247 1318 1316 1384 ἀλλ’

97 1444 198 1518 ούτεος
221 1444 375 1508 ἀπύλοντο
397 1447 436 1506 τό
458 1439 621 1524 ὑπέρπυρα,
644 1439 715 1525 μηδ’
738 1439 857 1504 ἐκείνου
878 1445 945 1524 περὶ
960 1443 1071 1504 τούτων
1086 1441 1222 1512 εἰπόντος
1245 1435 1317 1524 τιή

98 1569 135 1629 δέ
157 1569 233 1630 δεία
255 1565 381 1633 σύνοδος
406 1567 474 1646 περί
496 1572 553 1624 τῶν
575 1563 687 1624 δόντων
710 1565 748 1625 τὰ
770 1560 900 1645 ἐνέχυρα
922 1561 1014 1638 εἶπεν,
1041 1560 1318 1644 ἀπιβεβαιύσαντος

96 1694 188 1750 τούτο
211 1687 264 1747 καί
285 1691 337 1746 τού
360 1681 531 1759 ἀγιωτάτου
553 1680 608 1744 καὶ
630 1679 841 1764 οὶκουμενικού
856 1686 1057 1766 πατριάρχου,
1080 1693 1141 1752 τοῖς
1157 1686 1212 1765 μόν
1226 1681 1313 1742 ἰδού·

96 1829 164 1878 ταις
188 1803 291 1887 ’ἕτερον
313 1804 447 1885 δοδηναι
478 1805 604 1877 κανόνα,
636 1805 688 1864 τόν
710 1802 744 1864 δέ
769 1803 905 1884 μοναχὸν
927 1799 1054 1865 Ἡσαΐαν
1076 1805 1130 1863 καί
1156 1803 1208 1864 τόν
1228 1799 1313 1882 Μερ-

97 1927 222 2006 κούριον
254 1925 307 1984 καί
340 1920 386 1983 ἔτι
417 1921 468 1982 τόν
490 1917 646 2002 Ἱλαρίεονα
672 1920 857 2006 ἀπεφήνατο,
890 1922 1043 2004 μηδέποτε
1065 1921 1316 2003 προβιβασδῇναι

98 2041 144 2114 τίς
166 2043 201 2104 τύ
224 2050 278 2124 τῆς
300 2037 462 2121 ἱερωσύνης
484 2035 610 2120 ἀξίωμα,
638 2036 704 2102 ἀλλ’
727 2036 877 2102 ἀπολέσαι
899 2042 952 2100 καί
968 2039 1020 2121 τὴν
1042 2046 1096 2101 τού
1119 2035 1314 2114 ἀναγνώστου

97 2161 198 2242 τιμήν.
234 2156 298 2240 εἶχε
321 2159 375 2240 μέν
398 2151 450 2220 οὑν
464 2151 550 2218 οὑειυ
572 2165 676 2220 ταῦτα.
710 2151 834 2240 ὕστερον
856 2156 890 2218 δέ
916 2165 969 2218 τού
992 2155 1214 2240 μητροπολίτοο
1236 2155 1312 2237 Χρι-

99 2276 340 2344 στιανοοπύλειος
372 2272 415 2345 τίς
447 2275 501 2357 την
534 2272 643 2336 ἑαυτοῦ
667 2273 835 2358 ἐκκλησίαν
869 2274 1081 2359 ἀπερχομένου
1113 2270 1312 2357 ἠκολούθησε

99 2398 195 2478 τούτῳ
217 2399 270 2457 καὶ
293 2391 309 2456 ύ
331 2395 489 2476 δηλαδείς-
503 2391 640 2469 Ἡσαΐας,
664 2393 697 2456 ύν
719 2397 773 2456 καί
789 2392 1003 2480 ἐχειροτόνησε
1020 2394 1173 2456 διάκονον·
1196 2389 1314 2462 οὑτινος

97 2510 245 2582 ἀλδύντος
268 2509 415 2586 ἐνταῦθα,
451 2514 538 2573 τούτο
568 2497 677 2594 μαδιὺν
701 2509 717 2575 ὑ
739 2516 968 2590 παναγιώτατος
984 2511 1144 2594 δεσπότης,
1167 2509 1183 2574 ὑ
1206 2509 1313 2572 oim-

98 2635 223 2716 μενικύς
244 2614 443 2714 πατριάρχης,
476 2641 632 2693 κοινοῦται
665 2639 753 2693 τούτο
776 2643 836 2702 τοῖς
858 2637 924 2715 περί
946 2625 1037 2694 αὑτὸν
1060 2627 1233 2712 ἱερωτάτοις
1255 2625 1313 2710 ἀρ-

98 2761 245 2836 χιερεύσι,
268 2751 310 2833 τῷ
326 2733 529 2832 Καισαρείας,
552 2750 594 2834 τῷ
614 2749 752 2836 Ἐρέσου,
774 2749 816 2834 περ
829 2748 1085 2834 Ἡρακλείοιςτηῑ
1104 2747 1250 2824 Κυζίκου,
1272 2745 1316 2830 πηῖ

96 2869 241 2945 Νικαίας,
266 2868 306 2953 τῷ
327 2869 536 2952 Χαλκηδόνος,
559 2869 601 2953 τῷ
614 2867 900 2954 Ἀδριανουπόλοας,
916 2868 957 2952 τῷ
975 2867 1252 2952 Ποντοηρακλείας,
1275 2860 1317 2951 τῷ

96 2987 249 3072 Μιλήτου,
276 2989 318 3070 τῷ
336 2969 487 3069 Βρύσειος,
515 2986 556 3071 τῴ
577 2987 758 3073 Σηλυβρίας,
793 2991 834 3072 tq?
858 2987 1087 3073 ἀρχιεπισκόπιρ
1110 2987 1226 3069 Δέρκω,
1258 2989 1315 3048 καί

97 3108 304 3191 ἐρωτηθέντες
325 3087 456 3176 ἕκαστος
477 3105 544 3188 περὶ
566 3110 685 3182 τούτου,
720 3104 922 3194 ἀπεφήναντο
944 3111 1055 3178 πάντες
1078 3097 1119 3180 ὣς
1141 3103 1177 3168 ύκ
1209 3111 1315 3190 κοινῆς

96 3225 221 3307 γνάμης
253 3227 307 3286 καί
339 3226 451 3309 ψήφου,
484 3225 704 3308 καθῃρημένον
738 3223 814 3289 εἶναι
836 3227 887 3289 τύν
909 3233 1045 3288 τοιοῦτον
1067 3223 1204 3300 Ἡσαΐαν,
1237 3219 1316 3286 ὥστε

98 3343 242 3428 μηδόλιος
266 3325 444 3427 ἀναχθῆναι
466 3338 556 3406 αὑτόν
579 3341 623 3415 είς
646 3341 831 3430 ἱερωσύνην,
846 3341 890 3415 ὑς
911 3347 1001 3427 παρά
1017 3347 1138 3428 γνώμην
1159 3323 1218 3406 καί
1236 3341 1316 3405 ἀπό·

98 3483 191 3549 φασιν
214 3471 268 3546 της
289 3467 379 3534 θείας
394 3467 455 3525 ’καί
478 3460 561 3546 ἱερᾶς
584 3463 711 3549 συνόδου
744 3465 1014 3548 χειροτονηθέντα·
1047 3466 1116 3545 περί
1139 3466 1241 3546 μέντοι
1263 3468 1317 3523 τού

98 3581 401 3664 Χριστιανοοπύλειυς
423 3579 557 3666 ύτάχδη,
578 3580 630 3645 ἵνα
652 3585 776 3668 μηνυθρ
792 3583 943 3666 καίὲλδη
959 3581 1105 3659 ένταύδα,
1128 3583 1181 3644 καί
1197 3581 1275 3654 τότε,
1291 3577 1320 3641 εἴ

99 3721 127 3762 τι
149 3698 232 3772 δόξει
253 3707 290 3782 τῇ
314 3699 429 3782 σονόδιμ
451 3704 518 3784 περί
550 3697 678 3776 ἐκείνου,
701 3699 778 3764 εἶναι
801 3706 903 3786 μέντοι
925 3700 1038 3765 ἐκεῖνον
1063 3699 1166 3784 ἀργόν,
1197 3695 1256 3765 ύωι·
1279 3693 1315 3757 ἂν

101 3817 238 3881 ένταύδα
258 3821 477 3902 παραγένηται.Ι
498 3819 551 3882 διὰ
573 3827 668 3882 ταῦτα
691 3818 843 3905 ἀνεγράφη
865 3825 904 3884 τά
926 3829 979 3905 τῆς
999 3821 1140 3903 τοιαύτης
1162 3818 1318 3898 καθαιρέ-

102 3957 179 4007 σεως
212 3936 254 4020 τῴ
283 3939 409 4019 παρόντι
434 3939 580 4022 κονδικίῳ,
610 3935 687 4001 ὥστε
711 3941 863 4024 μηδέποτε
896 3937 991 4024 εὑρείν
1025 3936 1115 4004 αὑτόν
1149 3935 1318 4019 ἀνάκλησιν

103 4055 146 4128 τίς
167 4055 222 4138 την
245 4053 408 4139 ἱερωσύνην
430 4060 460 4134 †.

187 4172 351 4258 ’γΜηνί
384 4173 495 4259 μαΐιρ
527 4175 604 4263 ίνδ.
639 4176 664 4238 δ’
696 4181 748 4254 †.·
