3258 5282
1250 307 1312 367 425

90 503 126 564 τό
158 513 294 584 κρεῖττον
318 501 559 583 προχωρήσεως,
592 495 670 560 ὥστε
699 501 752 560 καί
779 499 830 558 τόν
856 499 942 558 θεῖον
968 485 1042 582 ναῦν
1069 495 1152 577 ἔχειν
1185 494 1311 577 διηνεκή

92 621 148 704 τήν
183 620 337 702 ἱερατικὴν
371 615 534 702 ὑπηρεσίαν
561 623 614 680 καί
640 615 827 699 λυχνοκαΐαν
853 614 908 676 καί
939 616 1048 696 λοιπήν
1081 610 1248 694 εὐκοσμίαν
1280 631 1311 672 τε

90 743 148 800 καί
170 733 352 819 εόπρέπειαν
374 741 504 805 καὶτὰς
526 740 667 818 μοναχὰς
690 733 855 797 ἀπολαύειν
878 744 930 816 της
954 732 1094 795 ἐντεῦθεν
1110 734 1240 811 δυνατῆς
1255 749 1312 790 κυ-

93 857 268 940 βερνήσεως
289 861 345 918 καί
367 859 549 936 ζωαρκείας·
574 851 646 916 ὅσον
670 852 780 934 γὰρᾶν
803 851 972 935 ἐνδείξηται
993 850 1066 935 ὑπὲρ
1088 847 1181 912 αὐτοῦ
1204 851 1237 910 τό
1253 867 1314 929 κη-

91 977 245 1056 δεμονεῑν,
269 983 412 1036 τοσοῦτον
434 972 497 1045 ἕξει
518 979 572 1034 καί
594 977 678 1052 παρὰ
700 975 776 1033 θεοῦ
794 971 881 1043 ἀξίας
897 977 951 1042 τὰς
967 972 1218 1053 μισθαποδόσεις,
1236 971 1312 1046 μετὰ

89 1095 129 1155 δέ
153 1113 188 1170 γε
212 1095 264 1176 τήν
288 1089 380 1154 αιἰιοῦ
407 1089 573 1170 ἀποβίωσιν
602 1087 827 1174 ῦποστρέφηται
853 1092 943 1152 πάλιν
968 1094 1043 1172 πρός
1069 1092 1123 1172 τήν
1150 1095 1203 1148 τοῦ
1236 1089 1314 1147 θεοῦ

92 1212 191 1288 ἁγίαν
213 1210 392 1293 ἐκκλησίαν,
415 1207 457 1281 ὥς
479 1212 616 1295 κεφαλήν
638 1213 692 1270 καί
713 1215 883 1292 προστάτην
899 1207 1001 1282 οὖσαν,
1023 1207 1074 1271 ἵνα
1096 1210 1244 1289 διάθηται
1257 1208 1313 1265 καί

91 1329 296 1412 οέκονομήται
317 1333 356 1392 τὰ
377 1334 458 1392 κατὰ
480 1332 514 1390 τό
537 1337 673 1390 τοιοῦτον
696 1330 863 1410 μονόδριον,
890 1330 1000 1397 καθὼς
1027 1327 1063 1390 ἂν
1086 1327 1244 1407 διακρίνοι.
1269 1323 1312 1392 είς

91 1454 156 1530 γὰρ
180 1450 232 1530 τήν
253 1452 319 1530 περί
341 1451 448 1510 τοῦτου
471 1446 641 1532 ἀσφάλειαν
664 1445 828 1509 ἀπολύεται
851 1442 932 1528 αῦτη]
952 1450 1005 1508 καί
1026 1450 1058 1508 τῦ
1074 1448 1169 1527 παρόν
1186 1446 1313 1524 γράμμα

90 1577 149 1651 τῆς
171 1563 258 1650 ήμόιν
281 1571 484 1650 μετριότητος.

180 1691 201 1763 †
239 1685 345 1768 Εἶχε
384 1689 458 1746 καί
496 1682 755 1768 ὑπογραφὴν
792 1687 850 1747 τὸ·
891 1689 993 1767 μηνί
1029 1686 1313 1768 φεβρουαρίιρ

89 1803 171 1868 ἐνδ.
200 1805 247 1867 ιδ’
274 1807 348 1867 διὰ
374 1815 449 1888 τής
481 1807 613 1874 θείας
639 1809 714 1866 καί
741 1813 1071 1886 πατριαργικής
1103 1806 1257 1884 χειρός
1284 1805 1313 1876 †.

347 1989 555 2055 CLXXXIII.
580 1991 662 2054 6869
685 1992 795 2068 (1361)
815 1989 891 2052 iulio
905 1988 968 2052 iud.
984 1988 1068 2052 XIV.

92 2133 223 2202 ἕνπυάιιε
244 2135 343 2186 statuit
357 2133 390 2185 άε
407 2133 546 2184 οιίίίειιάίε
567 2135 596 2184 In
614 2132 747 2184 Ιόιιειάαοι
766 2134 875 2200 ίαροιίε,
897 2135 945 2200 qui
963 2132 1110 2184 άὶίκάίοεκε
1124 2131 1316 2183 άέωειιοίοπειιι

335 2262 425 2304 ortam
439 2254 512 2304 ιἰιίοι·
525 2253 711 2320 metropolitas
727 2251 845 2304 Kioviae
860 2261 886 2303 σε
899 2251 1077 2306 Ιιίίόιιιιοίοτ.
1176 2318 1179 2324 ¹

180 2399 201 2471 †
235 2395 402 2477 Πρᾶξις
433 2407 508 2480 τής
540 2395 723 2466 Ῥωσέας
755 2400 830 2456 καί
864 2402 937 2458 τοῦ
976 2395 1316 2479 μητρυπολίτου

92 2513 269 2593 Λιτβιῦν
303 2519 331 2589 †.

180 2635 199 2707 †
227 2629 262 2694 Ἡ
285 2627 359 2706 άγίὀι
381 2639 434 2694 τοῦ
467 2634 544 2694 θεοῦ
570 2635 729 2716 καθολική
756 2632 820 2694 καὶ·
837 2631 1026 2715 ἀποοτολική
1055 2631 1207 2714 ἐκκλησία
1234 2629 1315 2692 ἄνω-

94 2757 154 2812 θεν
177 2749 209 2822 ἐξ
231 2749 332 2834 ἀρχῆς
353 2763 390 2834 τῇ
413 2752 545 2834 δοθείση
569 2747 657 2835 αὐτή,
672 2751 805 2834 Χριστοῦ
827 2756 941 2834 χάριτι,
958 2750 1099 2834 ἀηττήτῳ
1113 2749 1197 2832 ίοχόι
1213 2771 1244 2810 τε
1260 2755 1316 2810 καί

93 2872 223 2952 δυνάμει
255 2873 398 2953 συνήθως
421 2870 540 2952 ἔχουσα
566 2869 614 2931 ἐπί
640 2872 674 2931 τό
701 2870 946 2952 λυσιτελέστερον
975 2873 1075 2932 πάντα
1107 2869 1316 2950 διοικονομεί-

94 2995 183 3060 σθαι,
206 2997 295 3051 τοῦτο
316 2989 354 3070 δή
378 2993 431 3049 καί
449 3000 541 3050 ποιεῖ·
565 2984 625 3070 οὐχ
647 2985 738 3071 ήττον
760 2987 786 3050 δ’
810 2987 997 3051 ἐνδείκνυται
1013 2991 1066 3070 τήν
1081 2987 1226 3071 φροντίδα
1241 2988 1316 3048 ταῦ·

96 3129 151 3191 της
173 3112 227 3170 καί
251 3105 426 3187 ἐπιμέλειαν
455 3105 528 3188 ὑπὲρ
555 3116 612 3168 τῶν
640 3106 816 3189 ἑκασταχοῦ
845 3104 1067 3189 εὑρισκομένων
1092 3115 1197 3167 πασῶν
1220 3103 1317 3182 ἁγιω-

94 3229 194 3288 τάτων
217 3223 400 3307 ἐκκλησιῶν,
425 3221 506 3294 ὅπως
528 3221 565 3286 ἂν
588 3221 679 3286 αόται
701 3229 782 3286 κατὰ
808 3227 859 3286 τόν
886 3233 940 3286 τοῦ
966 3229 1072 3305 κυρίου
1098 3227 1191 3306 νόμον
1213 3225 1318 3292 καλῶς

95 3346 260 3406 διοικοῖντο
282 3347 335 3404 καί
357 3344 557 3420 διεξάγοιντο·
582 3347 695 3427 φθάνει
717 3351 877 3424 τοιγαροῦν
899 3346 955 3424 πρό
979 3361 1058 3412 τινος
1079 3341 1140 3426 ήδη
1163 3349 1271 3423 καιροῦ
1301 3339 1318 3402 δ

97 3463 261 3546 ἱερώτατος
285 3465 508 3546 μητροπολίτης
523 3462 644 3544 Κοέβου
667 3467 720 3524 καί
740 3465 841 3546 πάσης
856 3461 995 3534 Ῥωσίας,
1018 3461 1049 3524 ἐν
1072 3460 1149 3542 ἁγίῳ
1171 3463 1319 3540 πνεύματι

98 3579 259 3665 ἀγαπητός
292 3580 425 3666 ἀδελφός
452 3592 506 3664 τῆς
531 3579 617 3665 ήμων
645 3585 838 3663 μετριότητος
867 3584 921 3642 κοιί
943 3575 1227 3662 συλλειτοοργός,ι“ι
1260 3587 1318 3660 κῦρ

96 3700 245 3786 ἶλλόξιος,
273 3699 438 3769 ἐπίσκοπος
464 3697 505 3760 ὢν
532 3701 575 3780 aqi
602 3703 669 3761 τότε
692 3699 923 3780 Βολοδιμοίρου,
952 3702 1003 3761 τόν
1028 3701 1093 3779 βίον
1117 3695 1317 3766 ἀπολιπόντος

99 3827 152 3880 τοῦ
176 3817 340 3901 ἱερωτάτου
367 3818 588 3901 μητροπολίτου
604 3816 742 3892 Ῥωσίας,
765 3827 821 3900 κῦρ
844 3819 1040 3893 Θεογνώστου
1063 3815 1190 3890 ἐκείνου,
1216 3837 1318 3899 παρα·

99 3939 263 4020 γενόμενος
285 3935 422 3999 ἐνταῦθα
445 3935 488 4005 είς
510 3936 562 4019 τήν
584 3934 659 3998 καθ’
682 3933 764 4020 ήμᾱς
786 3939 877 3999 θείαν
900 3934 955 3998 καὶ
970 3935 1052 4018 ίερδιν
1075 3935 1212 4010 σόνοδον,
1236 3932 1320 4004 ὅστις

64 4127 65 4130 γ
99 4059 154 4117 καί
187 4059 396 4140 μαρτυρηθείς
428 4059 511 4137 παρά
534 4077 565 4117 τε
588 4065 642 4117 τοῦ
663 4056 891 4140 διαληφθέντος
913 4053 1075 4136 ἱερωτάτου
1099 4057 1320 4137 μητροπολίτου

97 4171 152 4234 καί
171 4177 257 4255 παρά
278 4183 336 4236 τόν
359 4170 583 4250 εὐγενεστάτων
607 4169 707 4255 ρηγιῦν
722 4181 776 4256 τής
798 4171 935 4246 Ῥωσίας,
959 4169 1183 4234 ἀντιποιεῖσθαι
1207 4170 1317 4254 ἀρετής

99 4295 152 4352 καί
174 4285 349 4372 ιόλαβείας,
372 4297 426 4354 καί
448 4295 567 4373 κριθείς
590 4286 682 4364 ἄξιος,
706 4293 857 4372 μετετίθη
880 4293 933 4351 καί
953 4287 1245 4373 ἀποκατίστηκατά
1267 4291 1321 4370 τήν
1366 4272 1368 4276 ’

100 4407 220 4474 ἄνωθεν
253 4409 502 4491 ἐπικρατήσασαν
539 4411 621 4482 τάξιν
649 4431 681 4470 τε
711 4415 764 4470 καί
797 4410 966 4490 συνήθειαν
1004 4412 1128 4492 γνήσιος
1162 4406 1321 4490 άρχιερεός

102 4525 221 4609 Κοόβοο
243 4531 298 4590 καί
317 4519 420 4610 πάσης
440 4525 578 4603 Ῥωσίας,
601 4531 655 4588 καί
677 4525 716 4590 δι’
739 4526 913 4608 ἐπιμελείας
934 4529 1050 4612 πολλής
1065 4532 1222 4591 ποιεῖσθαι
1237 4531 1319 4590 κατά
