3282 5270
1286 312 1350 377 517

120 502 180 558 τοῦ
213 493 349 577 Χριστοῦ
382 489 470 570 ἅγιον
503 491 606 570 ἔθνος,
628 496 681 558 όιά
703 496 754 557 τόν
777 493 881 580 φόβον,
905 493 940 557 δν
962 493 1070 579 έχουσι
1091 497 1167 578 πρός
1189 497 1239 558 τόν
1271 497 1347 559 θεόν

119 619 180 677 καί
203 617 256 697 τήν
279 613 402 696 ἀγάπην
424 611 477 676 καί
500 615 554 698 την
575 617 683 689 πίστιν,
708 611 841 698 εὐχομαι
861 618 916 676 καί
940 613 1049 691 ἀγαπῶ
1070 617 1186 685 πάντας
1201 610 1290 696 ἀμάς,
1306 611 1348 700 ἀς

120 733 220 809 εἶπον,
242 735 334 796 πλέον
357 743 414 796 τῶν
437 731 552 796 ἄλλων·
579 735 633 817 την
655 734 690 794 δέ
713 729 867 810 εὐγένειάν
889 753 946 795 σοο
969 733 1014 795 ἔτι
1038 737 1260 814 περισσοτέρως
1292 735 1349 800 καί

122 852 236 928 ἀγαπῶ
259 855 313 914 καί
336 847 468 935 εὐχομαι
491 850 532 923 ὣς
555 851 618 914 υἱόν
642 873 700 936 μοο
722 852 775 914 διά
796 853 850 934 τὴν
874 849 995 934 ἀγάπην
1018 855 1072 912 καί
1093 852 1147 934 τὴν
1170 852 1287 935 ριλίαν,
1310 851 1349 934 ἣν

124 969 212 1053 ἔχεις
235 968 278 1038 τίς
300 972 353 1053 τήν
376 967 461 1054 ἡμῶν
485 973 677 1054 μετριότητα,
690 974 744 1032 καί
767 971 820 1052 την
843 971 989 1052 καθαρὰν
1006 973 1115 1044 πίστιν,
1137 967 1174 1051 ἦν
1197 969 1281 1051 ἔχεις
1304 966 1348 1040 εἰς

124 1091 182 1171 την
199 1087 289 1164 ἁγίαν
306 1097 358 1150 τοῦ
374 1092 451 1151 θεοῦ
468 1087 648 1173 ἐκκλησίαν,
671 1093 726 1152 καί
747 1090 801 1172 τὴν
824 1089 954 1170 οτοργήν
976 1091 1030 1150 καί
1053 1089 1106 1170 τὴν
1127 1084 1294 1169 όποταγ-ην,
1310 1085 1347 1169 ἣν

122 1207 211 1290 ἔχεις
234 1207 276 1277 τίς
299 1211 350 1268 τύν
373 1207 534 1290 ἱερώτατον
557 1208 780 1292 μητροπολίτην
802 1207 924 1288 Κυέβοο
946 1205 1000 1268 καὶ
1022 1210 1123 1289 πάσης
1145 1204 1291 1280 Ῥῶοίας,
1315 1203 1347 1268 ἀν

121 1321 203 1405 ἁγίῳ
218 1327 366 1406 πντῦματι
382 1323 539 1408 ἀγαπητόν
563 1321 695 1408 ἀῦελρόν
718 1335 773 1410 της
794 1323 880 1408 ἡμῶν
901 1328 1108 1408 μετριότητος,
1129 1326 1255 1405 ,ἔμαθον
1276 1327 1345 1410 γάρ,

120 1439 170 1504 ότι
193 1447 329 1525 στέργεις
356 1439 446 1506 αὐτόν
469 1444 523 1506 καὶ
546 1443 679 1520 ἀγαπᾶς,
699 1449 757 1506 καί
778 1455 880 1506 πᾶσαν
903 1441 1058 1526 ὑποταγὴν
1083 1448 1137 1506 καί
1170 1441 1346 1510 εὐπείθειαν

121 1559 288 1642 ἀπονέμεις
306 1555 394 1643 αὐτῷ,
413 1559 455 1633 ὥς
479 1583 530 1644 μοι
553 1561 689 1646 ἔγραψεν
711 1559 810 1637 οὗτος,
832 1565 887 1624 καί
909 1559 1102 1644 ἀπτάτξάμην
1126 1582 1160 1622 σε
1175 1561 1276 1624 πολλὰ
1292 1565 1347 1621 καί

121 1675 264 1761 ηὐξάμην
288 1701 347 1754 σοι,
370 1684 424 1741 καί
446 1676 524 1742 οὐττο
545 1686 637 1756 ποίει,
660 1679 706 1742 οἱέ
730 1701 797 1763 μοο,
830 1679 881 1743 ἵνα
905 1678 983 1762 ἔχῃς
1005 1681 1059 1762 την
1082 1675 1180 1768 εὐχήν
1200 1699 1259 1760 μου
1291 1683 1345 1739 καί

122 1795 167 1868 εἰς
190 1801 225 1860 τό
249 1797 433 1881 ἔμπροσθεν,
457 1794 493 1861 οὐ
517 1803 609 1884 μόνον
631 1803 690 1882 γάρ
712 1797 744 1861 ἐν
767 1797 808 1881 τῷ
828 1801 954 1880 παρόντι
976 1800 1032 1878 βίῳ
1054 1799 1177 1880 μέλλεις
1201 1798 1284 1880 ἔχειν
1302 1797 1347 1858 ἔτι

121 1917 214 1978 πλέον
247 1922 303 1978 καί
334 1919 389 2000 την
412 1921 491 2001 ζωήν
519 1913 713 1981 σοῦ’άλινπον
745 1921 799 1980 καί
832 1920 886 2000 τήν
919 1915 1019 1999 ἀρχην
1052 1937 1108 1978 σου
1143 1915 1346 1990 ἀκατάλντον,

122 2031 205 2096 ἀλλά
226 2039 282 2097 καί
304 2033 335 2096 ὲν
359 2035 400 2118 τῷ
421 2039 563 2118 μέλλοντι
586 2035 672 2098 αίῶνι
693 2039 747 2120 τὴν
770 2047 827 2098 τῶν
850 2035 979 2098 αἰωνίων
1013 2033 1141 2110 ἀγαθῶν
1166 2031 1345 2110 ἀπόλαυσιν,

122 2149 158 2214 οὐ
182 2153 241 2239 μὴν
265 2153 346 2217 ἀλλά
368 2152 423 2216 καὶ
442 2151 512 2236 παρ’
536 2153 611 2236 ἐμοῦ
633 2159 853 2236 περισοοτὲρας
885 2154 987 2216 πολλά
1009 2157 1064 2224 τὰς
1087 2149 1182 2234 εὐχάς
1215 2157 1269 2214 καί
1291 2158 1345 2224 τάς

121 2269 276 2347 εὐλογίας,
301 2269 319 2333 ό
340 2275 399 2354 γὰρ
421 2273 645 2356 μητροπολίτης
666 2271 683 2334 ό
704 2270 774 2354 παρ’
797 2271 872 2354 ἐμοῦ
894 2275 1054 2341 καταστάς
1076 2273 1168 2332 τύπον
1183 2277 1269 2356 ρέρτι
1291 2279 1345 2333 τοῦ

120 2394 212 2466 θεοῦ,
232 2396 287 2453 καί
310 2389 374 2452 ἀντί
397 2391 472 2474 έμοῦ
489 2387 660 2472 εὑρίσκεται
676 2387 797 2465 αὐτόθι,
819 2395 874 2455 καί
889 2399 949 2459 πάς
965 2387 981 2452 ό
998 2385 1247 2472 ὑποτασσόμενος
1263 2386 1346 2472 αὐτῷ

118 2515 175 2572 καί
199 2509 215 2572 ό
239 2510 417 2580 σπουδάζων
439 2515 494 2572 καί
518 2509 640 2586 ἀγαπᾶν
661 2514 716 2572 καί
737 2521 826 2593 τιμάν
848 2514 903 2573 καί
923 2511 1094 2572 πείθεσθαι
1121 2505 1203 2592 αὐτῷ
1223 2509 1266 2592 τῷ
1278 2509 1345 2593 θεῷ

119 2623 327 2698 ὐποτάοοετατ
349 2625 405 2690 καὶ
426 2638 464 2712 τῇ
484 2623 571 2711 ἡμῶν
599 2631 781 2711 μετριότητι,
808 2637 893 2690 πάσα
921 2631 979 2707 γάρ
1000 2623 1020 2710 ἡ
1042 2629 1116 2708 πρός
1144 2623 1236 2688 αὐτόν
1258 2646 1344 2702 γινο-

119 2750 199 2830 μένη
226 2749 297 2830 τιμὴ
326 2745 368 2817 εἰς
395 2742 449 2828 ἐμὲ
477 2746 629 2825 διαβαίνει
655 2749 716 2827 καί
737 2743 775 2808 δι’
802 2743 878 2826 ἀμοῦ
905 2742 1046 2827 άντικρος
1071 2747 1146 2826 πρὸς
1173 2741 1264 2808 αὐτόν
1290 2748 1342 2808 τόν

119 2867 208 2940 θεόν,
231 2869 286 2928 καί
309 2865 342 2927 όν
365 2862 402 2926 ἀν
426 2862 547 2948 εόεηται
570 2859 660 2936 οὐτος
681 2861 737 2926 καὶ
760 2861 908 2946 ἀγαπηοη
929 2863 984 2925 ῦιά
1005 2882 1072 2926 τινα
1094 2864 1193 2927 αἰτίαν
1216 2861 1343 2947 ἀγαθὴν

118 2981 140 3066 ἢ
168 2983 221 3043 διὰ
247 2985 301 3066 την
329 2978 488 3062 εὐσέβειαν
515 2978 608 3044 αὐτοῦ
634 2981 653 3066 ἢ
680 2983 732 3046 διὰ
759 2984 813 3065 τήν
840 2984 995 3065 ἀποταγήν
1023 3003 1089 3056 τοο,
1120 2981 1185 3065 ἔχω
1211 3003 1262 3045 τον
1290 2986 1344 3046 καί

119 3099 181 3177 ἐγὼ
205 3097 410 3184 εὐλογημένον
432 3105 487 3164 καί
510 3099 526 3163 ό
549 3104 624 3171 θεός
648 3099 806 3176 ἀσαῦτῶς,
839 3105 894 3163 καὶ
915 3105 950 3164 τό
973 3099 1123 3174 ἐναντίον,
1139 3101 1173 3162 ὃν
1197 3099 1233 3164 ἀν
1256 3099 1344 3182 ἀργι-

119 3223 186 3304 σθῇ
209 3224 264 3283 καί
285 3217 429 3304 ἀφορίοη,
453 3219 517 3301 ἔχοι
540 3223 591 3282 τόν
613 3223 667 3280 καί
690 3216 751 3294 ὲγτύ
773 3215 878 3290 οὕτως.
901 3219 953 3282 διὰ
969 3227 1068 3294 τοῦτο,
1085 3217 1128 3280 οἱέ
1145 3241 1213 3301 μον,
1237 3215 1342 3302 ἐπειδὴ

117 3343 172 3400 καί
195 3337 257 3414 έγῶ
279 3333 375 3400 ταῦτά
398 3359 447 3400 σοι
469 3339 586 3421 γράφω,
608 3341 663 3398 καί
685 3340 828 3412 γινῶακαι
850 3341 904 3400 καί
925 3331 944 3420 ἡ
967 3333 1106 3414 εὐγένειά
1128 3359 1194 3413 αοο,
1217 3347 1255 3420 τη
1278 3340 1340 3418 χά-

120 3473 182 3539 ριτι
203 3463 256 3516 τοῦ
273 3454 415 3537 Χριστοῦ,
438 3459 492 3518 καί
513 3457 638 3538 πληροῖς
661 3451 747 3517 αὐτά·
773 3455 818 3518 ἔτι
838 3455 931 3518 πλέον
954 3457 1103 3532 ἀγῶνίίοο
1118 3461 1172 3519 καί
1188 3457 1340 3527 απούῦαζτ

121 3573 165 3645 εἰς
187 3575 241 3657 την
265 3573 447 3657 ἐκκλησίαν,
475 3569 564 3646 οὐτος
589 3579 648 3658 γάρ
677 3571 694 3636 ό
722 3575 946 3658 μητροπολίτης
972 3579 1027 3637 καί
1052 3579 1149 3656 μέγας
1177 3572 1342 3656 ἄνθρωπος

122 3695 178 3770 έντ,
194 3697 249 3755 καί
264 3691 324 3756 ἀπό
341 3695 419 3756 θεοῦ
434 3690 558 3778 ἐτάχθη
580 3697 692 3779 πατὴρ,
713 3699 767 3755 καί
788 3695 888 3757 πολλά
912 3716 946 3757 σε
966 3691 1085 3775 ἀγαπᾷ,
1108 3691 1160 3756 ἵνα
1181 3690 1200 3777 ἡ
1218 3697 1342 3776 μετριό-

121 3833 176 3895 της
197 3809 283 3896 ἠμῶν
307 3809 465 3874 ἀκούουσα
487 3811 556 3895 ἔχει
579 3810 764 3897 εὐρροσῦνην
788 3813 926 3894 μεγάλην
947 3815 1002 3874 καί
1024 3815 1135 3894 χαράν.
1169 3810 1223 3874 καὶ
1246 3821 1343 3874 ταῦτα

122 3933 177 4012 μέν
201 3929 327 4012 ἕχοοσιν
349 3926 453 4005 οὕτως,
475 3935 543 4012 περὶ
565 3931 599 3990 δε
624 3951 680 3993 τιον
707 3930 807 3992 ἄλλων
834 3929 875 3993 ὧν
902 3929 1080 4014 ἐζήτησας,
1098 3929 1238 4006 ἐγίνοντο
1260 3935 1343 3993 κατά

122 4050 176 4132 τήν
202 4051 398 4132 παράκλησίν
426 4070 481 4110 σου
507 4053 561 4111 καί
588 4051 641 4130 την
669 4047 791 4121 ἀξίωσίν
818 4072 873 4113 σοι)
900 4054 1067 4133 γράμματα
1093 4061 1146 4134 τῆς
1172 4046 1259 4134 ημῶν
1286 4071 1342 4132 με-

122 4172 288 4249 τριότητος,
312 4172 366 4230 καί
387 4165 448 4250 ἤδη
473 4169 616 4251 ἔρχονται
640 4167 694 4231 οὑν
716 4166 783 4248 θεῷ
796 4163 916 4243 αὐτόθι,
932 4173 986 4232 καί
1007 4169 1129 4249 μέλλεις
1150 4167 1226 4231 ἰῦτίν
1249 4177 1344 4232 ταῦτα

120 4290 176 4347 καί
199 4288 310 4368 μαθεῖν
334 4285 468 4368 ἀκριβῶς
490 4291 557 4370 περὶ
584 4289 702 4350 πάντῶν
730 4285 790 4350 ἀπὸ
817 4295 870 4350 τοῦ
897 4290 1120 4370 μητροπολίτοο
1142 4286 1263 4369 Κνὲβοο
1289 4291 1346 4350 καί

120 4409 224 4489 πάσης
239 4402 378 4477 Ῥοσίας.
402 4405 541 4482 ἐγένοντο
565 4407 610 4482 δὲ,
633 4409 743 4478 καθὼς
766 4405 931 4489 ἀπεδέχου,
954 4411 1008 4470 καί
1028 4408 1129 4471 πολλά
1153 4430 1187 4470 ατ
1210 4404 1347 4488 ἐπῄνεσα

121 4529 174 4586 καί
198 4521 347 4608 ἡγάπηοα
368 4529 422 4588 καί
445 4523 583 4610 ηὐξάμην
607 4549 656 4589 σοι
678 4529 785 4589 τοῦτον)
799 4523 902 4588 ἕνεκα.
927 4525 1085 4611 ἐλυπήθην
1101 4529 1159 4610 γάρ
1175 4527 1274 4589 πολλὰ
1288 4530 1345 4589 ααί
