3258 5282
277 291 348 354 ι380

278 480 441 558 αγόρτυσιν
458 475 624 560 ἐποιήσατο
638 479 713 558 πρός
728 476 782 559 τήν
798 477 854 560 σήν
877 473 1027 558 ἁγιότητα
1041 478 1096 538 καί
1110 473 1178 558 πτρέ
1188 471 1303 540 Ιἄλλων
1311 477 1366 556 μὲν
1387 469 1523 552 ἑτάρων,

253 673 255 678 s
277 590 338 677 ούχ
359 592 451 680 ήττον
473 597 507 660 δέ
529 599 597 678 ττρί
619 604 677 658 τῶν
700 593 964 679 ἐκκλητιαστικων
985 598 1170 678 πραγμάτων
1192 597 1254 657 καί
1267 599 1323 676 τῆς
1343 609 1522 673 παρεμπε-

278 715 403 795 σούσης,
420 689 614 797 συγχωρήσαι
628 715 719 787 δτού,
735 717 872 783 στάσεως
886 717 939 776 καί
951 722 1090 801 ταραχῆς
1101 712 1144 784 τίς
1159 714 1213 796 τήν
1224 710 1402 795 ἐκκλησίαν
1421 704 1526 772 αύτού

277 834 362 912 παρὰ
383 841 442 894 τῶν
457 829 489 904 ἐξ
504 830 670 906 ἀλογίστου
686 835 809 914 γνώμης
823 833 1041 916 τολμησάντων,
1055 834 1138 894 νόύα
1152 834 1206 893 καί
1225 829 1525 920 ἐκρυλαδόγματα

278 961 519 1034 παρεισαγαγεῖν
546 949 595 1011 ἐπί
621 955 804 1031 καινοτομία
829 958 883 1034 τής
910 948 1181 1032 πατροπαραδότου
1205 945 1292 1032 ήμῶν
1320 952 1382 1010 καί
1407 943 1528 1022 ύγιούς

276 1071 407 1136 πίστεως
428 1070 484 1129 καί
504 1069 601 1150 ταύτη
621 1068 791 1130 διασπάσαι
806 1069 840 1130 τό
856 1069 952 1130 καλόν
968 1079 1058 1151 σῶμα
1074 1064 1176 1150 αύτής.
1199 1071 1253 1134 καί
1271 1061 1291 1151 ἡ
1309 1070 1365 1149 μὲν
1381 1067 1526 1147 μετριό-

275 1205 330 1268 της
351 1181 438 1267 ήμιῖν
460 1183 665 1269 ὀφειλομένας
687 1183 854 1269 τόάαυτής
874 1191 1033 1268 πεποίηκε,
1057 1188 1111 1269 τήν
1135 1195 1194 1248 τῶν
1218 1185 1341 1247 πολλῶν
1366 1187 1526 1267 ζητοῦσα

276 1301 441 1386 ύρίλιιαν,
472 1299 492 1386 ή
525 1303 559 1367 δέ
591 1301 748 1387 ἁγιωσύνη
774 1325 830 1368 σου
857 1304 984 1387 δηλῶσα
1011 1301 1082 1388 ήμίν
1107 1303 1160 1366 διὰ
1190 1305 1371 1392 γράμματος
1399 1297 1525 1382 αύτήτ,

277 1418 358 1490 ὅπως
381 1420 460 1504 ύχης
482 1425 605 1506 γνώμης
620 1419 666 1503 τίς
678 1430 777 1496 τούτο,
790 1419 848 1485 ούκ
869 1419 1035 1506 ἐδίλησας,
1051 1419 1125 1505 ὅπερ
1142 1421 1170 1484 εί
1184 1430 1238 1483 τού
1250 1421 1525 1506 ηιλικούκαθή-

277 1558 386 1609 κοντος
408 1543 463 1603 καί
484 1549 539 1624 τής
561 1539 724 1624 ἁληότίας,
738 1539 886 1624 ὲζόχτται,
906 1541 995 1624 Ιίχτις
1016 1546 1080 1607 καί,
1093 1535 1185 1611 αύτύς
1200 1540 1362 1631 διακρῖναι,
1385 1533 1520 1620 πλήνή

279 1661 441 1742 μετριότης
463 1656 562 1743 ήμῶν,
590 1663 645 1722 καί
671 1656 749 1722 ούτω
774 1664 887 1743 νόμους
901 1661 1017 1744 ιριλίας
1042 1659 1139 1722 εἰδυῖα
1165 1661 1360 1741 τιμάν,-ττρί
1387 1657 1525 1722 πολλοῦ

212 1835 214 1846 ,
276 1787 408 1868 ποιεῖται
429 1781 468 1839 τά
489 1781 531 1860 τά
554 1776 674 1864 ἀδελφὰ
697 1779 730 1842 ἐν
752 1777 853 1842 ἅπασι
870 1787 1033 1865 φρονοῦσα.
1047 1778 1128 1842 οἶδεν
1150 1775 1170 1866 ή
1193 1775 1348 1864 ἁγιωσύνη
1371 1797 1447 1849 σου,
1474 1770 1524 1868 ὃς

274 1898 333 1978 πρό
356 1899 473 1978 χρόνων
495 1895 557 1981 ήδη
578 1898 698 1961 πολλῶν
714 1897 899 1982 διετάχθη,
923 1899 1006 1981 ἔχειν
1025 1887 1082 1980 ’τήν
1106 1899 1162 1980 σήν
1185 1895 1355 1979 ἁγιωσύνην
1377 1896 1437 1978 τήν
1456 1906 1522 1957 στᾲ

278 2013 412 2095 βασμίαν
435 2016 532 2098 μονήν
551 2025 606 2098 τής
627 2020 857 2103 πανυπεράγνοο
879 2017 1041 2102 δεσποίνης
1063 2021 1118 2078 καί
1139 2017 1345 2102 θεομήτορος
1358 2017 1417 2104 καί
1439 2011 1520 2078 ἐπι·1

274 2133 471 2216 κεκλημίνης
493 2143 550 2198 τῶν
572 2132 721 2217 Ὁδηγιῖιν,
744 2133 786 2205 ιύς
807 2139 998 2218 πατριάρχην
1021 2133 1223 2217 Ἀντιοχείας,
1246 2136 1413 2196 καθὰ-καί
1433 2131 1519 2220 ιτούς

276 2253 334 2332 πρό
357 2271 413 2336 σου
426 2249 565 2334 ἐτέρους,
589 2251 633 2320 τίς
658 2255 842 2336 κατάντημα
867 2258 922 2316 καί
941 2253 1113 2316 ’ἀνάπαυσιν
1135 2262 1199 2332 τιῖν
1220 2251 1280 2313 ἁπύ
1297 2261 1361 2313 τῶν
1389 2246 1517 2334 αύτόδι

281 2367 455 2451 ἐρχομένων
477 2371 660 2453 καλυγήρων
687 2380 740 2454 ιής
763 2379 821 2454 σής
842 2370 1024 2454 ἁγιωσύνης,
1048 2352 1134 2434 ἁλλὰ
1152 2371 1190 2453 δή
1212 2373 1268 2432 καί
1289 2366 1401 2451 αύτής,
1419 2367 1513 2451 όιτη-

276 2485 348 2548 νίκα
374 2486 481 2570 δτήστι
508 2465 611 2571 ἐλθεῖν
640 2509 676 2550 σε
702 2489 853 2565 ἐνταῦθα,
885 2491 995 2559 καόύς
1021 2477 1142 2572 δηλαδή
1170 2486 1328 2571 ἐδόθησαν
1355 2491 1415 2566 καί
1441 2497 1513 2555 τοῖς

276 2604 392 2674 λοιποῖς
416 2603 596 2681 ἁγιωτάτοις
617 2609 831 2694 πατριάρχαις,
855 2607 897 2691 τῷ
917 2628 949 2669 τε
971 2605 1205 2688 Ἀλεξανδρείας
1227 2609 1281 2667 καί
1303 2604 1344 2686 τῷ
1369 2601 1513 2686 Ἰερουσ-Ι

276 2722 394 2809 λύρων,
409 2721 511 2806 ἐτεραι
533 2734 590 2786 τῶν
615 2723 752 2788 ἐνταῦθα
774 2735 886 2806 μονῶν·
915 2722 950 2787 ού
980 2729 1081 2806 μέντοι
1109 2723 1274 2806 ἐδόθησαν
1296 2721 1328 2782 αί
1350 2731 1510 2794 τοιαῦται,
1625 2764 1626 2776 ,

275 2836 353 2902 ὥστε
386 2846 604 2904 καταυόεντεῖν
638 2844 708 2911 τούς
740 2851 1019 2926 τῶνπατριαρχιῖιν
1054 2843 1208 2924 μοναχούς
1242 2849 1299 2901 τῶν
1334 2837 1509 2922 είρημόνων

276 2969 375 3039 μονῶν
408 2959 464 3021 καί
484 2963 626 3042 πράττειν
649 2958 680 3022 ἐν
703 2957 808 3030 αύταῖς
829 2965 911 3023 κατὰ
932 2961 1048 3040 πολλήν
1071 2969 1124 3022 τού
1146 2959 1339 3027 κωλύσοντος
1362 2954 1509 3040 ἐρημίαν,

279 3077 300 3138 ἁ
325 3073 361 3137 ού
384 3079 476 3158 δέμις
499 3081 540 3161 μή
558 3081 649 3160 μόνον
666 3091 822 3162 μοναχοῖς,
839 3076 906 3142 ἁλλ’
930 3075 1000 3142 ούδέ
1016 3079 1134 3148 λαῖκυίς
1149 3081 1203 3140 καί
1218 3077 1347 3161 φαύλοις
1363 3073 1508 3158 ἀνδράσι,

276 3203 330 3278 τής
351 3191 437 3278 ἡμῶν
467 3199 665 3280 μετριότητος
692 3197 732 3280 μή
761 3195 895 3280 ἐχούσης
922 3196 1027 3259 άδτιαν
1055 3195 1178 3279 ἐρευνᾶν
1205 3199 1259 3258 καί
1287 3193 1440 3267 ἐξετάζειν
1467 3197 1509 3254 τὰ

275 3322 410 3375 τοιαῦτα·
434 3312 509 3376 τίδ’
533 3312 549 3376 ό
572 3313 989 3399 τήςΚωντταντινουπόλεως
1009 3317 1232 3398 πατριαρχικύς
1247 3316 1369 3396 θρόνος,
1394 3311 1450 3374 ἅτε
1465 3312 1506 3394 δή

276 3429 488 3516 οίκουμενικύς
514 3431 571 3507 ὢν,
598 3423 761 3526 προνόμιον
789 3435 924 3497 ἔκπαλαι
951 3439 1098 3518 κέκτηται
1128 3437 1212 3516 παρά
1238 3443 1296 3495 τῶν
1322 3433 1418 3494 δτίων
1445 3435 1504 3494 καί
1625 3494 1626 3518 χ

180 3554 181 3557 ’
277 3547 363 3630 ἱερῶν
385 3555 521 3612 κανόνων
545 3549 587 3620 είς
610 3557 664 3622 τὰς
686 3550 864 3636 ἑκασταχοῦ
880 3562 932 3636 τής
949 3551 1131 3634 οὶκουμένης
1154 3549 1337 3634 ἐκκλησίας,
1361 3553 1400 3611 τὰ
1421 3571 1505 3633 παρ-

276 3673 464 3749 εμπίπτοντα
495 3668 526 3732 ἐν
561 3667 666 3740 αύταίς
697 3673 942 3755 ἐκκλησιαστικὰ
973 3669 1130 3754 ἀναγκαῖοιΙ
1157 3673 1317 3753 ζητήματα
1343 3669 1504 3750 διερευγάν
1625 3736 1626 3739 ,

275 3789 331 3847 καί
354 3784 513 3864 ἐξετάζειν,
535 3788 640 3869 πολλῷ
666 3790 783 3871 μᾶλλον
806 3789 942 3853 ἐνταῦθα
965 3787 995 3850 ἐν
1019 3801 1055 3872 τῇ
1079 3789 1180 3868 οίκείη
1207 3790 1302 3870 ταύτη
1325 3789 1506 3868 μεγαλοπό-

275 3905 332 3990 λει,
357 3901 389 3964 ἐν
412 3904 440 3988 η’
462 3903 641 3989 ἐστήρικται
663 3911 764 3988 κρίσει
785 3910 864 3970 θεοῦ
887 3912 940 3970 καί
956 3911 1046 3990 ψήφῳ
1062 3909 1209 3990 βασιλική
1233 3905 1249 3968 ό
1269 3915 1406 3977 τοιοῦτος
1421 3927 1503 3989 παρ·
1625 3941 1626 3955 1

274 4026 454 4106 τριαρχικύς
475 4027 599 4107 θρόνος,
613 4025 680 4089 ἁλλ’
702 4023 722 4110 ἠ
746 4031 904 4111 μετριότης
919 4023 1004 4110 ἡμῶν
1019 4025 1074 4088 καί
1090 4023 1168 4089 οὕτω
1183 4027 1311 4094 δικαίως
1326 4033 1378 4106 τού
1399 4030 1501 4108 τράγ-

277 4162 373 4226 μστος
396 4142 532 4224 ἔχοντος,
555 4147 607 4207 διὰ
629 4147 683 4229 τήν
704 4155 759 4228 τής
786 4156 842 4230 σῆς
870 4145 1032 4229 ἁγιότητος
1061 4143 1183 4229 ἀγάπην
1213 4147 1422 4228 πνευματικήν
1449 4150 1503 4208 καί

274 4262 377 4349 ριλίαν
404 4261 491 4344 ύμεντ
522 4273 667 4328 σιωπῶσα
696 4263 743 4328 ἐπί
770 4273 914 4328 τοσούτον
946 4269 999 4328 καί
1030 4266 1182 4347 μηδεμίαν
1211 4265 1334 4347 ἔρευναν
1359 4285 1497 4347 ποιητα·

275 4385 351 4464 μόνη
375 4381 424 4444 ἐπί
444 4392 482 4465 τη
504 4385 630 4465 τοιαύτη
655 4395 734 4468 μονή
762 4383 806 4456 είς
834 4389 1013 4469 συντήρησιν
1035 4389 1089 4446 καί
1106 4382 1278 4469 ἀσφάλειαν
1293 4385 1427 4467 ψυχικήν
1443 4394 1502 4448 τοῖν
1625 4406 1626 4411 ’

197 4484 199 4487 ’
278 4498 509 4583 ἐνατκουμόνων
533 4497 611 4584 αύτή
627 4512 780 4585 μοναχύν,
803 4497 957 4578 καίτοιγε
972 4503 1125 4586 προδήλου
1140 4505 1388 4584 τοῦπράγματος
1403 4500 1500 4575 ὄντος,
1625 4469 1626 4523 j
