3284 5282
204 1828 308 1950 (Irim
339 1877 478 1948 historia
509 1878 733 1971 plurimorum
766 1878 922 1972 Europae
953 1879 1154 1974 populorum
1186 1877 1220 1945 in
1248 1877 1320 1946 dies

101 2013 210 2082 maius
249 2013 498 2082 incrementum
533 2013 645 2106 capiat
679 2012 713 2080 iu
749 2013 859 2082 lucem
897 2013 1143 2106 prodeuntibus
1170 2011 1318 2105 quotidie

104 2147 226 2216 tabulis
269 2145 430 2240 publicis.
471 2145 565 2216 nulla
603 2145 715 2215 adhuc
755 2160 867 2216 exstat
907 2147 1055 2216 collectio
1092 2146 1317 2239 diplomatum

105 2295 300 2350 actorumve
336 2280 564 2374 spectantium
602 2279 777 2350 historiam
812 2280 943 2376 imperii
985 2281 1170 2374 byzantini:
1214 2305 1321 2372 neque

104 2415 138 2484 id
152 2414 296 2484 mirum:
317 2439 404 2508 quae
421 2414 512 2484 enim
529 2415 632 2484 huius
650 2415 783 2510 generis
801 2428 1043 2492 scrumosum,
1069 2428 1127 2482 aiat
1145 2415 1180 2481 in
1198 2414 1318 2482 bibho-

105 2549 212 2620 thecis
231 2563 268 2620 et
285 2549 460 2619 tabulariis
477 2550 600 2628 latent,
628 2563 704 2629 aut,
732 2574 793 2643 per
815 2551 1009 2618 innumeros
1033 2548 1134 2616 libros
1153 2548 1316 2642 dispersa,

104 2709 145 2752 ne
180 2683 322 2755 curiosis
357 2683 495 2776 quidem
531 2685 654 2754 harum
689 2708 803 2753 rerrrm
844 2684 1074 2754 innotuerunt.
1123 2707 1201 2752 cum
1241 2708 1319 2753 vero

106 2833 262 2912 apertum
280 2832 316 2888 ct
333 2817 554 2888 manifestum
574 2819 628 2897 sit,
647 2818 876 2888 collectionem
894 2819 1088 2888 tabularum
1107 2817 1318 2912 publicarum

107 2951 264 3023 historiae
294 2951 427 3046 imperii
462 2952 635 3046 byzantini
665 2951 847 3046 plurimam
881 2955 1060 3021 allaturam
1091 2977 1165 3022 esse
1194 2951 1316 3030 lucem.

107 3087 282 3156 consilium
295 3087 450 3180 cepimus
464 3087 640 3182 colligendi
656 3100 691 3155 et
704 3087 827 3156 edendi
841 3086 1027 3180 diplomata
1045 3101 1079 3154 et
1096 3100 1173 3155 acta
1189 3110 1318 3180 graeca,

110 3245 172 3289 non
191 3220 371 3298 salunicae,
398 3245 484 3312 quae
503 3222 654 3290 nondum
678 3222 770 3289 edita
792 3235 969 3290 servantur
992 3223 1025 3290 in
1049 3220 1262 3290 bibliothecis
1284 3237 1318 3290 et

111 3353 297 3433 tabulariis.
331 3378 447 3424 verum
474 3356 577 3425 etiam
596 3381 649 3432 ea,
677 3379 764 3448 quae
782 3355 875 3450 typis
895 3356 961 3423 iam
982 3355 1113 3449 vulgata
1133 3369 1228 3432 sunt,
1249 3357 1317 3423 sive

110 3489 147 3555 ad
166 3513 219 3558 raa
238 3488 483 3558 ecclesiasticos
503 3490 674 3584 pertinent
694 3490 762 3558 sire
779 3491 821 3558 a‹l
840 3490 962 3560 civiles.

207 3656 254 3726 Et
266 3655 415 3749 primum
429 3657 568 3747 (paridem
583 3655 691 3726 visum
709 3673 762 3725 est
779 3657 878 3726 edere
896 3671 981 3736 actii,
1001 3679 1087 3748 (litae
1102 3658 1318 3727 continentur

113 3789 235 3857 duobus
269 3789 363 3857 libris
397 3815 501 3860 rirarru
532 3789 667 3883 scriptis
696 3790 915 3858 bibliothecae
948 3791 1113 3880 palatinae
1146 3790 1319 3861 Vindobo-

114 3923 229 4001 aerinis,
250 3919 341 3993 Hist.
362 3925 481 3994 Graec.
503 3923 639 3993 XLI-'ll
658 3939 692 3992 et
711 3923 864 3993 XLVIII
885 3923 982 4011 (olim
996 3923 1094 3994 LXV
1114 3939 1148 3994 et
1170 3924 1316 4013 LXVI),

115 4055 260 4126 loliorum
285 4059 359 4126 308
382 4071 418 4126 et
436 4061 520 4138 222,
550 4059 608 4150 qui
631 4059 707 4127 libri
734 4058 821 4127 circa
848 4059 1000 4128 medium
1026 4061 1199 4129 saeculum
1226 4061 1317 4130 deci-

2 4182 6 4199 ’
116 4213 200 4260 mum
223 4203 361 4261 sextum
383 4191 425 4259 ab
444 4193 590 4289 Augerio
609 4192 740 4262 Gislain
764 4193 806 4262 de
825 4189 1003 4263 Busbeclre
1025 4193 1318 4289 Constantinopoli

117 4327 345 4404 Vindobona'm
393 4332 483 4403 allati
527 4334 760 4406 inscribuntur
809 4333 1003 4408 Συνοδικαί
1056 4338 1197 4432 κρίσεις
1253 4341 1317 4409 καί

2 4555 14 4575 ,
119 4479 432 4581 ὲιιλησιαστιιῶν
468 4487 819 4582 παρασημειώσεων
856 4485 1028 4583 ἔγγραφοι
1065 4490 1315 4584 σημειώματα

51 4999 203 5127 Vsusne
222 4981 640 5187 Wllwncfflff
691 4991 785 5110 tos-³
824 5007 944 5128 :ccl
