<?xml version="1.0" encoding="UTF-8"?>
<!DOCTYPE html PUBLIC "-//W3C//DTD XHTML 1.0 Transitional//EN"
    "http://www.w3.org/TR/xhtml1/DTD/xhtml1-transitional.dtd">
<html xmlns="http://www.w3.org/1999/xhtml" xml:lang="en" lang="en">
 <head>
  <title>
</title>
<meta http-equiv="Content-Type" content="text/html;charset=utf-8" />
  <meta name='ocr-system' content='tesseract 3.04.00' />
  <meta name='ocr-capabilities' content='ocr_page ocr_carea ocr_par ocr_line ocrx_word'/>
</head>
<body>
  <div class='ocr_page' id='page_1' title='image "./actaetdiplomata01miklgoog_0527.png"; bbox 0 0 3282 5270; ppageno 0'>
   <div class='ocr_carea' id='block_1_1' title="bbox 332 313 395 376">
    <p class='ocr_par' dir='ltr' id='par_1_1' title="bbox 332 313 395 376">
     <span class='ocr_line' id='line_1_1' title="bbox 332 313 395 376; baseline 0 0"><span class='ocrx_word' id='word_1_1' title='bbox 332 313 395 376; x_wconf 69' lang='lat'><strong>478</strong></span> 
     </span>
    </p>
   </div>
   <div class='ocr_carea' id='block_1_2' title="bbox 333 487 1539 578">
    <p class='ocr_par' dir='ltr' id='par_1_2' title="bbox 333 487 1539 578">
     <span class='ocr_line' id='line_1_2' title="bbox 333 487 1539 578; baseline 0.002 -22"><span class='ocrx_word' id='word_1_2' title='bbox 333 513 396 578; x_wconf 80' lang='grc' dir='ltr'><strong>χων</strong></span> <span class='ocrx_word' id='word_1_3' title='bbox 411 495 465 556; x_wconf 84' lang='grc' dir='ltr'><strong>καί</strong></span> <span class='ocrx_word' id='word_1_4' title='bbox 480 491 607 575; x_wconf 77' lang='grc' dir='ltr'><strong>Ζηχίας,</strong></span> <span class='ocrx_word' id='word_1_5' title='bbox 630 499 683 553; x_wconf 87' lang='grc' dir='ltr'><strong>τοῦ</strong></span> <span class='ocrx_word' id='word_1_6' title='bbox 698 487 910 574; x_wconf 83' lang='grc' dir='ltr'><strong>Ἀμάστριδος,</strong></span> <span class='ocrx_word' id='word_1_7' title='bbox 934 499 986 554; x_wconf 83' lang='grc' dir='ltr'><strong>τού</strong></span> <span class='ocrx_word' id='word_1_8' title='bbox 1005 489 1140 568; x_wconf 84' lang='grc' dir='ltr'><strong>Ῥωσίοο,</strong></span> <span class='ocrx_word' id='word_1_9' title='bbox 1163 499 1216 554; x_wconf 85' lang='grc' dir='ltr'><strong>τού</strong></span> <span class='ocrx_word' id='word_1_10' title='bbox 1231 491 1390 574; x_wconf 80' lang='grc' dir='ltr'><strong>Χιρσιῖινος</strong></span> <span class='ocrx_word' id='word_1_11' title='bbox 1410 497 1466 556; x_wconf 82' lang='grc' dir='ltr'><strong>καί</strong></span> <span class='ocrx_word' id='word_1_12' title='bbox 1491 501 1539 558; x_wconf 85' lang='grc' dir='ltr'><strong>πού</strong></span> 
     </span>
    </p>
   </div>
   <div class='ocr_carea' id='block_1_3' title="bbox 334 603 1539 693">
    <p class='ocr_par' dir='ltr' id='par_1_3' title="bbox 334 603 1626 693">
     <span class='ocr_line' id='line_1_3' title="bbox 334 603 1539 693; baseline -0.005 -19"><span class='ocrx_word' id='word_1_13' title='bbox 334 610 524 693; x_wconf 82' lang='grc' dir='ltr'><strong>Μαρωνείας,</strong></span> <span class='ocrx_word' id='word_1_14' title='bbox 547 608 655 685; x_wconf 73' lang='grc' dir='ltr'><strong>διίτνω</strong></span> <span class='ocrx_word' id='word_1_15' title='bbox 677 611 731 670; x_wconf 85' lang='grc' dir='ltr'><strong>καί</strong></span> <span class='ocrx_word' id='word_1_16' title='bbox 746 605 931 692; x_wconf 74' lang='grc' dir='ltr'><strong>ἀπεφήνατο,</strong></span> <span class='ocrx_word' id='word_1_17' title='bbox 947 603 1145 690; x_wconf 78' lang='grc' dir='ltr'><strong>εὑρίσκεσθαι</strong></span> <span class='ocrx_word' id='word_1_18' title='bbox 1159 609 1250 671; x_wconf 85' lang='grc' dir='ltr'><strong>πάλιν</strong></span> <span class='ocrx_word' id='word_1_19' title='bbox 1264 613 1345 672; x_wconf 81' lang='grc' dir='ltr'><strong>κατά</strong></span> <span class='ocrx_word' id='word_1_20' title='bbox 1360 611 1413 692; x_wconf 80' lang='grc' dir='ltr'><strong>τήν</strong></span> <span class='ocrx_word' id='word_1_21' title='bbox 1427 608 1539 692; x_wconf 78' lang='grc' dir='ltr'><strong>ἀπκλη-</strong></span> 
     </span>
    </p>
   </div>
   <div class='ocr_carea' id='block_1_4' title="bbox 334 723 1626 810">
    <p class='ocr_par' dir='ltr' id='par_1_4' title="bbox 334 723 1626 810">
     <span class='ocr_line' id='line_1_4' title="bbox 334 723 1626 810; baseline -0.003 -20"><span class='ocrx_word' id='word_1_22' title='bbox 334 728 493 810; x_wconf 84' lang='grc' dir='ltr'><strong>οιαστικήν</strong></span> <span class='ocrx_word' id='word_1_23' title='bbox 516 723 635 808; x_wconf 69' lang='grc' dir='ltr'><strong>ἐκείνην</strong></span> <span class='ocrx_word' id='word_1_24' title='bbox 658 723 790 807; x_wconf 77' lang='grc' dir='ltr'>ἀρχαίαν</span> <span class='ocrx_word' id='word_1_25' title='bbox 812 729 1000 788; x_wconf 87' lang='grc' dir='ltr'><strong>κατάστασιν</strong></span> <span class='ocrx_word' id='word_1_26' title='bbox 1021 730 1075 789; x_wconf 87' lang='grc' dir='ltr'><strong>καί</strong></span> <span class='ocrx_word' id='word_1_27' title='bbox 1101 729 1265 810; x_wconf 81' lang='grc' dir='ltr'><strong>συνήθειαν</strong></span> <span class='ocrx_word' id='word_1_28' title='bbox 1297 729 1379 788; x_wconf 76' lang='grc' dir='ltr'><strong>κατὰ</strong></span> <span class='ocrx_word' id='word_1_29' title='bbox 1410 731 1466 797; x_wconf 79' lang='grc' dir='ltr'><strong>τὰς</strong></span> <span class='ocrx_word' id='word_1_30' title='bbox 1487 727 1539 808; x_wconf 76' lang='grc' dir='ltr'><strong>ίμ-</strong></span> <span class='ocrx_word' id='word_1_31' title='bbox 1625 749 1626 800; x_wconf 64' lang='lat'><em>5</em></span> 
     </span>
    </p>
   </div>
   <div class='ocr_carea' id='block_1_5' title="bbox 333 838 1539 927">
    <p class='ocr_par' dir='ltr' id='par_1_5' title="bbox 333 838 1539 927">
     <span class='ocr_line' id='line_1_5' title="bbox 333 838 1539 927; baseline -0.001 -21"><span class='ocrx_word' id='word_1_32' title='bbox 333 847 536 927; x_wconf 82' lang='grc' dir='ltr'><strong>φανισθείσας</strong></span> <span class='ocrx_word' id='word_1_33' title='bbox 567 839 637 923; x_wconf 79' lang='grc' dir='ltr'><strong>παρ’</strong></span> <span class='ocrx_word' id='word_1_34' title='bbox 671 838 766 905; x_wconf 83' lang='grc' dir='ltr'><strong>αύτοδ</strong></span> <span class='ocrx_word' id='word_1_35' title='bbox 787 843 949 911; x_wconf 88' lang='grc' dir='ltr'><strong>σονοδικάς</strong></span> <span class='ocrx_word' id='word_1_36' title='bbox 970 843 1160 918; x_wconf 62' lang='grc' dir='ltr'><strong>παλαιγενεῖς</strong></span> <span class='ocrx_word' id='word_1_37' title='bbox 1180 845 1301 926; x_wconf 74' lang='grc' dir='ltr'><strong>πράξεις</strong></span> <span class='ocrx_word' id='word_1_38' title='bbox 1325 841 1381 904; x_wconf 85' lang='grc' dir='ltr'><strong>καὶ</strong></span> <span class='ocrx_word' id='word_1_39' title='bbox 1412 847 1468 914; x_wconf 84' lang='grc' dir='ltr'><strong>τάς</strong></span> <span class='ocrx_word' id='word_1_40' title='bbox 1499 841 1539 905; x_wconf 74' lang='grc' dir='ltr'><strong>ἀπ’</strong></span> 
     </span>
    </p>
   </div>
   <div class='ocr_carea' id='block_1_6' title="bbox 334 943 1626 1040">
    <p class='ocr_par' dir='ltr' id='par_1_6' title="bbox 334 943 1626 1040">
     <span class='ocr_line' id='line_1_6' title="bbox 334 943 1626 1040; baseline -0.003 -18"><span class='ocrx_word' id='word_1_41' title='bbox 334 958 439 1030; x_wconf 83' lang='grc' dir='ltr'><strong>αύταῑς</strong></span> <span class='ocrx_word' id='word_1_42' title='bbox 471 970 528 1022; x_wconf 81' lang='grc' dir='ltr'><strong>τῶν</strong></span> <span class='ocrx_word' id='word_1_43' title='bbox 561 955 708 1040; x_wconf 80' lang='grc' dir='ltr'><strong>ἀοιδίμων</strong></span> <span class='ocrx_word' id='word_1_44' title='bbox 732 959 880 1037; x_wconf 84' lang='grc' dir='ltr'><strong>βασιλίων</strong></span> <span class='ocrx_word' id='word_1_45' title='bbox 903 959 954 1020; x_wconf 91' lang='grc' dir='ltr'><strong>διά</strong></span> <span class='ocrx_word' id='word_1_46' title='bbox 980 960 1215 1040; x_wconf 82' lang='grc' dir='ltr'><strong>χροσοβούλλων</strong></span> <span class='ocrx_word' id='word_1_47' title='bbox 1247 964 1302 1022; x_wconf 84' lang='grc' dir='ltr'><strong>καί</strong></span> <span class='ocrx_word' id='word_1_48' title='bbox 1333 963 1388 1028; x_wconf 88' lang='grc' dir='ltr'><strong>τάς</strong></span> <span class='ocrx_word' id='word_1_49' title='bbox 1420 956 1540 1039; x_wconf 72' lang='grc' dir='ltr'><strong>ὕστερον</strong></span> <span class='ocrx_word' id='word_1_50' title='bbox 1625 943 1626 950; x_wconf 30' lang='lat'>¹</span> 
     </span>
    </p>
   </div>
   <div class='ocr_carea' id='block_1_7' title="bbox 253 1071 1540 1158">
    <p class='ocr_par' dir='ltr' id='par_1_7' title="bbox 253 1071 1540 1158">
     <span class='ocr_line' id='line_1_7' title="bbox 253 1071 1540 1158; baseline -0.002 -19"><span class='ocrx_word' id='word_1_51' title='bbox 253 1080 256 1086; x_wconf 88' lang='grc'><strong>’</strong></span> <span class='ocrx_word' id='word_1_52' title='bbox 335 1082 493 1154; x_wconf 75' lang='grc' dir='ltr'><strong>γεγονυίας</strong></span> <span class='ocrx_word' id='word_1_53' title='bbox 526 1073 575 1137; x_wconf 81' lang='grc' dir='ltr'><strong>ίπί</strong></span> <span class='ocrx_word' id='word_1_54' title='bbox 606 1085 658 1137; x_wconf 86' lang='grc' dir='ltr'><strong>τού</strong></span> <span class='ocrx_word' id='word_1_55' title='bbox 682 1075 823 1156; x_wconf 73' lang='grc' dir='ltr'>ἀοιδίμου</span> <span class='ocrx_word' id='word_1_56' title='bbox 848 1079 1048 1157; x_wconf 75' lang='grc' dir='ltr'><strong>πατριάρχου,</strong></span> <span class='ocrx_word' id='word_1_57' title='bbox 1076 1083 1132 1156; x_wconf 86' lang='grc' dir='ltr'><strong>κύρ</strong></span> <span class='ocrx_word' id='word_1_58' title='bbox 1153 1075 1317 1158; x_wconf 86' lang='grc' dir='ltr'><strong>Ἰσιδιύροσ,</strong></span> <span class='ocrx_word' id='word_1_59' title='bbox 1348 1079 1477 1140; x_wconf 75' lang='grc' dir='ltr'><strong>καὶτοῦ</strong></span> <span class='ocrx_word' id='word_1_60' title='bbox 1499 1071 1540 1137; x_wconf 78' lang='grc' dir='ltr'><strong>ἐπ’</strong></span> 
     </span>
    </p>
   </div>
   <div class='ocr_carea' id='block_1_8' title="bbox 335 1190 1540 1277">
    <p class='ocr_par' dir='ltr' id='par_1_8' title="bbox 335 1190 1626 1294">
     <span class='ocr_line' id='line_1_8' title="bbox 335 1190 1540 1277; baseline -0.001 -22"><span class='ocrx_word' id='word_1_61' title='bbox 335 1191 416 1277; x_wconf 73' lang='grc' dir='ltr'><strong>αύτῷ</strong></span> <span class='ocrx_word' id='word_1_62' title='bbox 435 1195 650 1276; x_wconf 73' lang='grc' dir='ltr'><strong>προβαίνοντος</strong></span> <span class='ocrx_word' id='word_1_63' title='bbox 673 1201 780 1255; x_wconf 85' lang='grc' dir='ltr'><strong>στππσύ</strong></span> <span class='ocrx_word' id='word_1_64' title='bbox 802 1193 1030 1274; x_wconf 83' lang='grc' dir='ltr'><strong>χροσοβούλλού</strong></span> <span class='ocrx_word' id='word_1_65' title='bbox 1052 1199 1105 1254; x_wconf 85' lang='grc' dir='ltr'><strong>τού</strong></span> <span class='ocrx_word' id='word_1_66' title='bbox 1128 1193 1278 1272; x_wconf 78' lang='grc' dir='ltr'><strong>βασιλίως</strong></span> <span class='ocrx_word' id='word_1_67' title='bbox 1300 1201 1352 1254; x_wconf 81' lang='grc' dir='ltr'><strong>τοῦ</strong></span> <span class='ocrx_word' id='word_1_68' title='bbox 1379 1190 1470 1267; x_wconf 81' lang='grc' dir='ltr'><strong>ἀτίοο</strong></span> <span class='ocrx_word' id='word_1_69' title='bbox 1491 1201 1540 1255; x_wconf 86' lang='grc' dir='ltr'><strong>τού</strong></span> 
     </span>
    </p>
   </div>
   <div class='ocr_carea' id='block_1_9' title="bbox 333 1304 1626 1392">
    <p class='ocr_par' dir='ltr' id='par_1_9' title="bbox 333 1304 1626 1392">
     <span class='ocr_line' id='line_1_9' title="bbox 333 1304 1626 1392; baseline -0.004 -17"><span class='ocrx_word' id='word_1_70' title='bbox 333 1309 600 1392; x_wconf 76' lang='grc' dir='ltr'><strong>Καντακοοίηνού,</strong></span> <span class='ocrx_word' id='word_1_71' title='bbox 625 1307 715 1370; x_wconf 81' lang='grc' dir='ltr'><strong>ίνθεν</strong></span> <span class='ocrx_word' id='word_1_72' title='bbox 737 1329 784 1370; x_wconf 87' lang='grc' dir='ltr'><strong>τοι</strong></span> <span class='ocrx_word' id='word_1_73' title='bbox 805 1311 859 1370; x_wconf 84' lang='grc' dir='ltr'><strong>καί</strong></span> <span class='ocrx_word' id='word_1_74' title='bbox 879 1309 1007 1380; x_wconf 72' lang='grc' dir='ltr'><strong>καθίίει</strong></span> <span class='ocrx_word' id='word_1_75' title='bbox 1028 1304 1116 1378; x_wconf 89' lang='grc' dir='ltr'><strong>ούτος</strong></span> <span class='ocrx_word' id='word_1_76' title='bbox 1141 1309 1179 1391; x_wconf 84' lang='grc' dir='ltr'><strong>δή</strong></span> <span class='ocrx_word' id='word_1_77' title='bbox 1202 1305 1218 1370; x_wconf 87' lang='grc' dir='ltr'><strong>ό</strong></span> <span class='ocrx_word' id='word_1_78' title='bbox 1245 1307 1408 1389; x_wconf 83' lang='grc' dir='ltr'><strong>ίτρύτατος</strong></span> <span class='ocrx_word' id='word_1_79' title='bbox 1430 1331 1541 1392; x_wconf 86' lang='grc' dir='ltr'><strong>μητρο-</strong></span> <span class='ocrx_word' id='word_1_80' title='bbox 1625 1333 1626 1342; x_wconf 59' lang='grc'>’</span> 
     </span>
    </p>
   </div>
   <div class='ocr_carea' id='block_1_10' title="bbox 333 1403 1626 1510">
    <p class='ocr_par' dir='ltr' id='par_1_10' title="bbox 333 1403 1626 1510">
     <span class='ocr_line' id='line_1_10' title="bbox 333 1403 1626 1510; baseline -0.003 -20"><span class='ocrx_word' id='word_1_81' title='bbox 333 1427 459 1510; x_wconf 83' lang='grc' dir='ltr'><strong>πολίτης</strong></span> <span class='ocrx_word' id='word_1_82' title='bbox 480 1423 627 1495; x_wconf 82' lang='grc' dir='ltr'><strong>Ἀλανίας</strong></span> <span class='ocrx_word' id='word_1_83' title='bbox 647 1428 701 1487; x_wconf 89' lang='grc' dir='ltr'><strong>καί</strong></span> <span class='ocrx_word' id='word_1_84' title='bbox 723 1423 963 1508; x_wconf 82' lang='grc' dir='ltr'><strong>Σωτηρσπύλεως</strong></span> <span class='ocrx_word' id='word_1_85' title='bbox 989 1429 1043 1486; x_wconf 90' lang='grc' dir='ltr'><strong>καί</strong></span> <span class='ocrx_word' id='word_1_86' title='bbox 1065 1427 1115 1487; x_wconf 86' lang='grc' dir='ltr'><strong>τόν</strong></span> <span class='ocrx_word' id='word_1_87' title='bbox 1141 1403 1231 1488; x_wconf 86' lang='grc' dir='ltr'><strong>τόπον</strong></span> <span class='ocrx_word' id='word_1_88' title='bbox 1254 1425 1372 1508; x_wconf 65' lang='grc' dir='ltr'><strong>ἀπέχων</strong></span> <span class='ocrx_word' id='word_1_89' title='bbox 1405 1434 1458 1488; x_wconf 82' lang='grc' dir='ltr'><strong>πού</strong></span> <span class='ocrx_word' id='word_1_90' title='bbox 1478 1425 1543 1490; x_wconf 73' lang='lat' dir='ltr'><strong>Me·</strong></span> <span class='ocrx_word' id='word_1_91' title='bbox 1625 1495 1626 1500; x_wconf 8' lang='grc' dir='ltr'><strong>η</strong></span> 
     </span>
    </p>
   </div>
   <div class='ocr_carea' id='block_1_11' title="bbox 335 1538 1543 1626">
    <p class='ocr_par' dir='ltr' id='par_1_11' title="bbox 335 1538 1543 1626">
     <span class='ocr_line' id='line_1_11' title="bbox 335 1538 1543 1626; baseline 0 -22"><span class='ocrx_word' id='word_1_92' title='bbox 335 1544 466 1626; x_wconf 81' lang='grc' dir='ltr'><strong>λιτηνής,</strong></span> <span class='ocrx_word' id='word_1_93' title='bbox 490 1538 650 1625; x_wconf 87' lang='grc' dir='ltr'><strong>ύπίρτιμος</strong></span> <span class='ocrx_word' id='word_1_94' title='bbox 669 1546 724 1604; x_wconf 87' lang='grc' dir='ltr'><strong>καί</strong></span> <span class='ocrx_word' id='word_1_95' title='bbox 746 1539 777 1602; x_wconf 77' lang='grc' dir='ltr'><strong>ίν</strong></span> <span class='ocrx_word' id='word_1_96' title='bbox 799 1539 876 1622; x_wconf 78' lang='grc' dir='ltr'><strong>άγίιρ</strong></span> <span class='ocrx_word' id='word_1_97' title='bbox 897 1542 1046 1624; x_wconf 89' lang='grc' dir='ltr'><strong>πνεύματι</strong></span> <span class='ocrx_word' id='word_1_98' title='bbox 1068 1539 1225 1624; x_wconf 77' lang='grc' dir='ltr'><strong>ἀγαπητός</strong></span> <span class='ocrx_word' id='word_1_99' title='bbox 1240 1539 1374 1624; x_wconf 82' lang='grc' dir='ltr'><strong>ἀδελφός</strong></span> <span class='ocrx_word' id='word_1_100' title='bbox 1394 1551 1448 1626; x_wconf 79' lang='grc' dir='ltr'><strong>τῆς</strong></span> <span class='ocrx_word' id='word_1_101' title='bbox 1462 1539 1543 1626; x_wconf 73' lang='grc' dir='ltr'><strong>ήμᾰν</strong></span> 
     </span>
    </p>
   </div>
   <div class='ocr_carea' id='block_1_12' title="bbox 336 1656 1626 1742">
    <p class='ocr_par' dir='ltr' id='par_1_12' title="bbox 336 1656 1626 1742">
     <span class='ocr_line' id='line_1_12' title="bbox 336 1656 1626 1742; baseline -0.008 -17"><span class='ocrx_word' id='word_1_102' title='bbox 336 1663 531 1742; x_wconf 74' lang='grc' dir='ltr'><strong>μετριότητος</strong></span> <span class='ocrx_word' id='word_1_103' title='bbox 562 1656 617 1720; x_wconf 83' lang='grc' dir='ltr'><strong>καί</strong></span> <span class='ocrx_word' id='word_1_104' title='bbox 639 1659 878 1740; x_wconf 75' lang='grc' dir='ltr'><strong>σολλτιτοορηύτ,</strong></span> <span class='ocrx_word' id='word_1_105' title='bbox 910 1661 1009 1721; x_wconf 86' lang='grc' dir='ltr'><strong>πάντα</strong></span> <span class='ocrx_word' id='word_1_106' title='bbox 1040 1661 1079 1721; x_wconf 84' lang='grc' dir='ltr'><strong>τὰ</strong></span> <span class='ocrx_word' id='word_1_107' title='bbox 1101 1658 1239 1740; x_wconf 84' lang='grc' dir='ltr'><strong>ἀνωτίρω</strong></span> <span class='ocrx_word' id='word_1_108' title='bbox 1262 1657 1408 1742; x_wconf 83' lang='grc' dir='ltr'><strong>είρημίνα</strong></span> <span class='ocrx_word' id='word_1_109' title='bbox 1440 1659 1544 1720; x_wconf 84' lang='grc' dir='ltr'><strong>δίκαια</strong></span> <span class='ocrx_word' id='word_1_110' title='bbox 1625 1661 1626 1704; x_wconf 66' lang='grc' dir='ltr'><strong>ί</strong></span> 
     </span>
    </p>
   </div>
   <div class='ocr_carea' id='block_1_13' title="bbox 335 1773 1544 1976">
    <p class='ocr_par' dir='ltr' id='par_1_13' title="bbox 335 1773 1544 1976">
     <span class='ocr_line' id='line_1_13' title="bbox 335 1773 1543 1860; baseline -0.002 -22"><span class='ocrx_word' id='word_1_111' title='bbox 335 1785 389 1860; x_wconf 84' lang='grc' dir='ltr'><strong>τῆς</strong></span> <span class='ocrx_word' id='word_1_112' title='bbox 422 1773 514 1838; x_wconf 75' lang='grc' dir='ltr'><strong>αὐτοῦ</strong></span> <span class='ocrx_word' id='word_1_113' title='bbox 552 1776 765 1860; x_wconf 73' lang='grc' dir='ltr'><strong>μητροπόλεως</strong></span> <span class='ocrx_word' id='word_1_114' title='bbox 797 1773 942 1846; x_wconf 83' lang='grc' dir='ltr'><strong>Ἀλανίας</strong></span> <span class='ocrx_word' id='word_1_115' title='bbox 979 1780 1033 1838; x_wconf 84' lang='grc' dir='ltr'><strong>καί</strong></span> <span class='ocrx_word' id='word_1_116' title='bbox 1056 1775 1307 1859; x_wconf 87' lang='grc' dir='ltr'><strong>Σωτηροπόλεως,</strong></span> <span class='ocrx_word' id='word_1_117' title='bbox 1339 1778 1449 1846; x_wconf 73' lang='grc' dir='ltr'><strong>καθεὶς</strong></span> <span class='ocrx_word' id='word_1_118' title='bbox 1481 1796 1543 1856; x_wconf 76' lang='grc' dir='ltr'><strong>ειχε</strong></span> 
     </span>
     <span class='ocr_line' id='line_1_14' title="bbox 335 1887 1544 1976; baseline 0.001 -23"><span class='ocrx_word' id='word_1_119' title='bbox 335 1901 431 1954; x_wconf 82' lang='grc' dir='ltr'><strong>ταῦτα</strong></span> <span class='ocrx_word' id='word_1_120' title='bbox 452 1897 507 1954; x_wconf 85' lang='grc' dir='ltr'><strong>καί</strong></span> <span class='ocrx_word' id='word_1_121' title='bbox 526 1897 638 1976; x_wconf 84' lang='grc' dir='ltr'><strong>πρύην,</strong></span> <span class='ocrx_word' id='word_1_122' title='bbox 660 1901 753 1955; x_wconf 81' lang='grc' dir='ltr'><strong>ποιῶν</strong></span> <span class='ocrx_word' id='word_1_123' title='bbox 776 1888 821 1954; x_wconf 75' lang='grc' dir='ltr'><strong>ἀπ’</strong></span> <span class='ocrx_word' id='word_1_124' title='bbox 843 1887 947 1962; x_wconf 81' lang='grc' dir='ltr'><strong>αάπαίς</strong></span> <span class='ocrx_word' id='word_1_125' title='bbox 969 1896 1007 1954; x_wconf 87' lang='grc' dir='ltr'><strong>τά</strong></span> <span class='ocrx_word' id='word_1_126' title='bbox 1029 1890 1185 1976; x_wconf 76' lang='grc' dir='ltr'><strong>ἀνήκοντα</strong></span> <span class='ocrx_word' id='word_1_127' title='bbox 1207 1889 1289 1973; x_wconf 77' lang='grc' dir='ltr'><strong>αύτῷ</strong></span> <span class='ocrx_word' id='word_1_128' title='bbox 1303 1889 1544 1976; x_wconf 75' lang='grc' dir='ltr'><strong>ἀκκλησιαστικά</strong></span> 
     </span>
    </p>
   </div>
   <div class='ocr_carea' id='block_1_14' title="bbox 336 2005 1626 2209">
    <p class='ocr_par' dir='ltr' id='par_1_14' title="bbox 336 2005 1626 2209">
     <span class='ocr_line' id='line_1_15' title="bbox 337 2005 1626 2092; baseline 0 -22"><span class='ocrx_word' id='word_1_129' title='bbox 337 2008 413 2090; x_wconf 79' lang='grc' dir='ltr'><strong>ίργα</strong></span> <span class='ocrx_word' id='word_1_130' title='bbox 445 2007 500 2070; x_wconf 84' lang='grc' dir='ltr'><strong>καί</strong></span> <span class='ocrx_word' id='word_1_131' title='bbox 531 2013 586 2079; x_wconf 82' lang='grc' dir='ltr'><strong>τὰς</strong></span> <span class='ocrx_word' id='word_1_132' title='bbox 606 2011 727 2091; x_wconf 75' lang='grc' dir='ltr'><strong>πράξεις</strong></span> <span class='ocrx_word' id='word_1_133' title='bbox 748 2011 803 2069; x_wconf 89' lang='grc' dir='ltr'><strong>καί</strong></span> <span class='ocrx_word' id='word_1_134' title='bbox 825 2005 1052 2092; x_wconf 86' lang='grc' dir='ltr'><strong>ἀπορερόμενος</strong></span> <span class='ocrx_word' id='word_1_135' title='bbox 1073 2010 1172 2071; x_wconf 86' lang='grc' dir='ltr'><strong>πάντα</strong></span> <span class='ocrx_word' id='word_1_136' title='bbox 1193 2013 1232 2070; x_wconf 88' lang='grc' dir='ltr'><strong>τά</strong></span> <span class='ocrx_word' id='word_1_137' title='bbox 1265 2007 1420 2092; x_wconf 73' lang='grc' dir='ltr'><strong>ἀνήκοντα</strong></span> <span class='ocrx_word' id='word_1_138' title='bbox 1451 2005 1544 2090; x_wconf 75' lang='grc' dir='ltr'><strong>ταύτης</strong></span> <span class='ocrx_word' id='word_1_139' title='bbox 1625 2061 1626 2070; x_wconf 69' lang='grc'><strong>,</strong></span> 
     </span>
     <span class='ocr_line' id='line_1_16' title="bbox 336 2122 1626 2209; baseline -0.001 -23"><span class='ocrx_word' id='word_1_140' title='bbox 336 2127 451 2188; x_wconf 90' lang='grc' dir='ltr'><strong>δίκαια.</strong></span> <span class='ocrx_word' id='word_1_141' title='bbox 475 2129 528 2186; x_wconf 82' lang='grc' dir='ltr'><strong>καί</strong></span> <span class='ocrx_word' id='word_1_142' title='bbox 550 2123 593 2196; x_wconf 81' lang='grc' dir='ltr'><strong>είς</strong></span> <span class='ocrx_word' id='word_1_143' title='bbox 614 2125 667 2207; x_wconf 81' lang='grc' dir='ltr'><strong>τήν</strong></span> <span class='ocrx_word' id='word_1_144' title='bbox 688 2127 756 2204; x_wconf 87' lang='grc' dir='ltr'><strong>περί</strong></span> <span class='ocrx_word' id='word_1_145' title='bbox 777 2125 884 2186; x_wconf 77' lang='grc' dir='ltr'><strong>τούτου</strong></span> <span class='ocrx_word' id='word_1_146' title='bbox 900 2122 1069 2208; x_wconf 78' lang='grc' dir='ltr'><strong>ἀσφάλειαν</strong></span> <span class='ocrx_word' id='word_1_147' title='bbox 1085 2122 1269 2188; x_wconf 77' lang='grc' dir='ltr'><strong>ἀπολίλοται</strong></span> <span class='ocrx_word' id='word_1_148' title='bbox 1289 2123 1344 2187; x_wconf 82' lang='grc' dir='ltr'><strong>καὶ</strong></span> <span class='ocrx_word' id='word_1_149' title='bbox 1364 2122 1385 2209; x_wconf 90' lang='grc' dir='ltr'><strong>ή</strong></span> <span class='ocrx_word' id='word_1_150' title='bbox 1405 2133 1545 2207; x_wconf 80' lang='grc' dir='ltr'><strong>παροῦσα</strong></span> <span class='ocrx_word' id='word_1_151' title='bbox 1625 2143 1626 2146; x_wconf 69' lang='grc'>’</span> 
     </span>
    </p>
   </div>
   <div class='ocr_carea' id='block_1_15' title="bbox 335 2239 1300 2502">
    <p class='ocr_par' dir='ltr' id='par_1_15' title="bbox 335 2239 1300 2502">
     <span class='ocr_line' id='line_1_17' title="bbox 335 2239 1254 2324; baseline 0.001 -22"><span class='ocrx_word' id='word_1_152' title='bbox 335 2242 478 2324; x_wconf 83' lang='grc' dir='ltr'><strong>συνοδική</strong></span> <span class='ocrx_word' id='word_1_153' title='bbox 500 2244 614 2324; x_wconf 75' lang='grc' dir='ltr'><strong>πρᾶξις,</strong></span> <span class='ocrx_word' id='word_1_154' title='bbox 638 2239 741 2324; x_wconf 85' lang='grc' dir='ltr'><strong>μηνὶ</strong></span> <span class='ocrx_word' id='word_1_155' title='bbox 773 2241 1024 2323; x_wconf 87' lang='grc' dir='ltr'><strong>σεπτεβρίιμ</strong></span> <span class='ocrx_word' id='word_1_156' title='bbox 1055 2239 1132 2304; x_wconf 81' lang='grc' dir='ltr'><strong>ὶνδ.</strong></span> <span class='ocrx_word' id='word_1_157' title='bbox 1167 2243 1193 2317; x_wconf 73' lang='grc' dir='ltr'><strong>τ’</strong></span> <span class='ocrx_word' id='word_1_158' title='bbox 1224 2247 1254 2320; x_wconf 91' lang='lat'><strong>†.</strong></span> 
     </span>
     <span class='ocr_line' id='line_1_18' title="bbox 577 2363 1300 2502; baseline -0.001 -15"><span class='ocrx_word' id='word_1_159' title='bbox 577 2363 736 2488; x_wconf 51' lang='lat' dir='ltr'><strong>ossxxn.</strong></span> <span class='ocrx_word' id='word_1_160' title='bbox 755 2424 838 2487; x_wconf 80' lang='lat'>6874</span> <span class='ocrx_word' id='word_1_161' title='bbox 860 2426 971 2502; x_wconf 84' lang='lat'>(1365)</span> <span class='ocrx_word' id='word_1_162' title='bbox 986 2423 1149 2488; x_wconf 73' lang='lat' dir='ltr'>decembri.</span> <span class='ocrx_word' id='word_1_163' title='bbox 1169 2423 1233 2486; x_wconf 86' lang='lat' dir='ltr'><strong>ind.</strong></span> <span class='ocrx_word' id='word_1_164' title='bbox 1249 2423 1300 2486; x_wconf 81' lang='lat' dir='ltr'><strong>lv,</strong></span> 
     </span>
    </p>
   </div>
   <div class='ocr_carea' id='block_1_16' title="bbox 449 2563 1421 2634">
    <p class='ocr_par' dir='ltr' id='par_1_16' title="bbox 449 2563 1421 2634">
     <span class='ocr_line' id='line_1_19' title="bbox 449 2563 1421 2634; baseline 0.001 -17"><span class='ocrx_word' id='word_1_165' title='bbox 449 2564 626 2617; x_wconf 72' lang='grc' dir='ltr'><strong>Ραίιάανοδα</strong></span> <span class='ocrx_word' id='word_1_166' title='bbox 650 2565 781 2626; x_wconf 69' lang='lat' dir='ltr'><strong><em>concedit,</em></strong></span> <span class='ocrx_word' id='word_1_167' title='bbox 808 2573 840 2618; x_wconf 81' lang='grc' dir='ltr'><strong>ιιί</strong></span> <span class='ocrx_word' id='word_1_168' title='bbox 864 2566 944 2617; x_wconf 72' lang='grc' dir='ltr'><strong>νύκτα</strong></span> <span class='ocrx_word' id='word_1_169' title='bbox 968 2566 1085 2634; x_wconf 72' lang='lat' dir='ltr'><strong>infantie</strong></span> <span class='ocrx_word' id='word_1_170' title='bbox 1110 2565 1253 2616; x_wconf 77' lang='grc' dir='ltr'><strong>ααίιιεάααε</strong></span> <span class='ocrx_word' id='word_1_171' title='bbox 1275 2563 1421 2618; x_wconf 68' lang='lat' dir='ltr'><strong>vendam.</strong></span> 
     </span>
    </p>
   </div>
   <div class='ocr_carea' id='block_1_17' title="bbox 331 2705 1543 2906">
    <p class='ocr_par' dir='ltr' id='par_1_17' title="bbox 331 2679 1626 2906">
     <span class='ocr_line' id='line_1_20' title="bbox 417 2705 1543 2789; baseline -0.005 -17"><span class='ocrx_word' id='word_1_172' title='bbox 417 2706 522 2784; x_wconf 68' lang='lat' dir='ltr'><strong>†Td</strong></span> <span class='ocrx_word' id='word_1_173' title='bbox 547 2707 649 2770; x_wconf 86' lang='grc' dir='ltr'><strong>ἴσον</strong></span> <span class='ocrx_word' id='word_1_174' title='bbox 677 2715 750 2770; x_wconf 80' lang='grc' dir='ltr'><strong>τοῦ</strong></span> <span class='ocrx_word' id='word_1_175' title='bbox 781 2705 847 2776; x_wconf 80' lang='grc' dir='ltr'><strong>εὶς</strong></span> <span class='ocrx_word' id='word_1_176' title='bbox 875 2710 950 2776; x_wconf 88' lang='grc' dir='ltr'><strong>τάς</strong></span> <span class='ocrx_word' id='word_1_177' title='bbox 977 2706 1143 2789; x_wconf 72' lang='grc' dir='ltr'><strong>Σάρρας</strong></span> <span class='ocrx_word' id='word_1_178' title='bbox 1175 2711 1441 2788; x_wconf 79' lang='grc' dir='ltr'><strong>γράμματος</strong></span> <span class='ocrx_word' id='word_1_179' title='bbox 1476 2705 1543 2768; x_wconf 70' lang='grc' dir='ltr'><strong>ἐπί</strong></span> 
     </span>
     <span class='ocr_line' id='line_1_21' title="bbox 331 2821 1501 2906; baseline -0.001 -22"><span class='ocrx_word' id='word_1_180' title='bbox 331 2821 575 2906; x_wconf 78' lang='grc' dir='ltr'><strong>ἀκποιήσει</strong></span> <span class='ocrx_word' id='word_1_181' title='bbox 607 2825 843 2904; x_wconf 73' lang='grc' dir='ltr'><strong>κτημάτων</strong></span> <span class='ocrx_word' id='word_1_182' title='bbox 876 2824 1043 2884; x_wconf 87' lang='grc' dir='ltr'><strong>παιδί..</strong></span> <span class='ocrx_word' id='word_1_183' title='bbox 1078 2833 1149 2886; x_wconf 85' lang='grc' dir='ltr'><strong>τοῦ</strong></span> <span class='ocrx_word' id='word_1_184' title='bbox 1181 2823 1438 2906; x_wconf 82' lang='grc' dir='ltr'><strong>Βαῑορόροο</strong></span> <span class='ocrx_word' id='word_1_185' title='bbox 1469 2827 1501 2900; x_wconf 90' lang='lat'><strong>†.</strong></span> 
     </span>
    </p>
   </div>
   <div class='ocr_carea' id='block_1_18' title="bbox 329 2935 1541 3140">
    <p class='ocr_par' dir='ltr' id='par_1_18' title="bbox 329 2935 1541 3140">
     <span class='ocr_line' id='line_1_22' title="bbox 416 2935 1541 3021; baseline -0.004 -19"><span class='ocrx_word' id='word_1_186' title='bbox 416 2939 531 3016; x_wconf 72' lang='lat' dir='ltr'>†Emz</span> <span class='ocrx_word' id='word_1_187' title='bbox 553 2937 569 3002; x_wconf 87' lang='grc' dir='ltr'><strong>δ</strong></span> <span class='ocrx_word' id='word_1_188' title='bbox 592 2937 652 3000; x_wconf 80' lang='grc' dir='ltr'><strong>ἀπὸ</strong></span> <span class='ocrx_word' id='word_1_189' title='bbox 685 2946 737 3000; x_wconf 88' lang='grc' dir='ltr'><strong>τού</strong></span> <span class='ocrx_word' id='word_1_190' title='bbox 762 2935 892 3013; x_wconf 83' lang='grc' dir='ltr'><strong>εύαγούς</strong></span> <span class='ocrx_word' id='word_1_191' title='bbox 917 2939 1078 3018; x_wconf 79' lang='grc' dir='ltr'><strong>βασιλικοῦ</strong></span> <span class='ocrx_word' id='word_1_192' title='bbox 1099 2939 1215 3021; x_wconf 82' lang='grc' dir='ltr'><strong>κλήρου</strong></span> <span class='ocrx_word' id='word_1_193' title='bbox 1236 2937 1384 3020; x_wconf 84' lang='grc' dir='ltr'><strong>Μανοοήλ</strong></span> <span class='ocrx_word' id='word_1_194' title='bbox 1405 2935 1422 2999; x_wconf 87' lang='grc' dir='ltr'><strong>ύ</strong></span> <span class='ocrx_word' id='word_1_195' title='bbox 1445 2937 1541 3001; x_wconf 84' lang='grc' dir='ltr'><strong>Βαίο-</strong></span> 
     </span>
     <span class='ocr_line' id='line_1_23' title="bbox 329 3051 1539 3140; baseline -0.002 -22"><span class='ocrx_word' id='word_1_196' title='bbox 329 3059 424 3140; x_wconf 88' lang='grc' dir='ltr'><strong>ιρόρος</strong></span> <span class='ocrx_word' id='word_1_197' title='bbox 439 3054 494 3117; x_wconf 87' lang='grc' dir='ltr'><strong>καὶ</strong></span> <span class='ocrx_word' id='word_1_198' title='bbox 512 3054 528 3118; x_wconf 91' lang='grc' dir='ltr'><strong>ό</strong></span> <span class='ocrx_word' id='word_1_199' title='bbox 544 3056 785 3138; x_wconf 75' lang='grc' dir='ltr'><strong>γύναικάδελρος</strong></span> <span class='ocrx_word' id='word_1_200' title='bbox 801 3051 903 3127; x_wconf 79' lang='grc' dir='ltr'><strong>αὐτού,</strong></span> <span class='ocrx_word' id='word_1_201' title='bbox 923 3052 1112 3124; x_wconf 83' lang='grc' dir='ltr'><strong>Ἀθανάσιος</strong></span> <span class='ocrx_word' id='word_1_202' title='bbox 1127 3051 1143 3116; x_wconf 83' lang='grc' dir='ltr'><strong>ὁ</strong></span> <span class='ocrx_word' id='word_1_203' title='bbox 1158 3055 1342 3130; x_wconf 85' lang='grc' dir='ltr'><strong>Κούπιστας,</strong></span> <span class='ocrx_word' id='word_1_204' title='bbox 1359 3053 1539 3137; x_wconf 80' lang='grc' dir='ltr'><strong>ἀνήνεγκαν,</strong></span> 
     </span>
    </p>
   </div>
   <div class='ocr_carea' id='block_1_19' title="bbox 330 3167 1626 3370">
    <p class='ocr_par' dir='ltr' id='par_1_19' title="bbox 330 3149 1626 3370">
     <span class='ocr_line' id='line_1_24' title="bbox 330 3167 1540 3256; baseline -0.004 -21"><span class='ocrx_word' id='word_1_205' title='bbox 330 3183 368 3255; x_wconf 78' lang='grc' dir='ltr'><strong>τῇ</strong></span> <span class='ocrx_word' id='word_1_206' title='bbox 401 3169 485 3256; x_wconf 80' lang='grc' dir='ltr'><strong>ήμῶν</strong></span> <span class='ocrx_word' id='word_1_207' title='bbox 509 3174 690 3254; x_wconf 79' lang='grc' dir='ltr'><strong>μετριότητι,</strong></span> <span class='ocrx_word' id='word_1_208' title='bbox 724 3167 770 3232; x_wconf 87' lang='grc' dir='ltr'><strong>ύτι</strong></span> <span class='ocrx_word' id='word_1_209' title='bbox 793 3168 1010 3252; x_wconf 74' lang='grc' dir='ltr'><strong>ἀποθανούσης</strong></span> <span class='ocrx_word' id='word_1_210' title='bbox 1036 3179 1089 3252; x_wconf 77' lang='grc' dir='ltr'><strong>τῆς</strong></span> <span class='ocrx_word' id='word_1_211' title='bbox 1115 3173 1258 3246; x_wconf 81' lang='grc' dir='ltr'><strong>ηοναικδς</strong></span> <span class='ocrx_word' id='word_1_212' title='bbox 1291 3179 1344 3233; x_wconf 88' lang='grc' dir='ltr'><strong>τού</strong></span> <span class='ocrx_word' id='word_1_213' title='bbox 1365 3171 1540 3255; x_wconf 70' lang='grc' dir='ltr'><strong>Βαίορόροο</strong></span> 
     </span>
     <span class='ocr_line' id='line_1_25' title="bbox 331 3286 1626 3370; baseline -0.002 -20"><span class='ocrx_word' id='word_1_214' title='bbox 331 3287 379 3352; x_wconf 77' lang='grc' dir='ltr'><strong>ἀπί</strong></span> <span class='ocrx_word' id='word_1_215' title='bbox 399 3290 484 3352; x_wconf 84' lang='grc' dir='ltr'><strong>παιδί</strong></span> <span class='ocrx_word' id='word_1_216' title='bbox 506 3299 611 3370; x_wconf 83' lang='grc' dir='ltr'><strong>τριετεῖ</strong></span> <span class='ocrx_word' id='word_1_217' title='bbox 632 3293 686 3350; x_wconf 87' lang='grc' dir='ltr'><strong>καί</strong></span> <span class='ocrx_word' id='word_1_218' title='bbox 707 3287 936 3368; x_wconf 76' lang='grc' dir='ltr'><strong>καταλιπούσης</strong></span> <span class='ocrx_word' id='word_1_219' title='bbox 958 3286 1073 3370; x_wconf 79' lang='grc' dir='ltr'><strong>οἴκημα</strong></span> <span class='ocrx_word' id='word_1_220' title='bbox 1094 3290 1148 3348; x_wconf 87' lang='grc' dir='ltr'><strong>καί</strong></span> <span class='ocrx_word' id='word_1_221' title='bbox 1169 3287 1196 3348; x_wconf 85' lang='grc' dir='ltr'><strong>εί</strong></span> <span class='ocrx_word' id='word_1_222' title='bbox 1218 3289 1257 3369; x_wconf 86' lang='grc' dir='ltr'><strong>δή</strong></span> <span class='ocrx_word' id='word_1_223' title='bbox 1280 3307 1346 3349; x_wconf 87' lang='grc' dir='ltr'><strong>τινα</strong></span> <span class='ocrx_word' id='word_1_224' title='bbox 1367 3291 1422 3350; x_wconf 89' lang='grc' dir='ltr'><strong>καί</strong></span> <span class='ocrx_word' id='word_1_225' title='bbox 1442 3286 1541 3369; x_wconf 82' lang='grc' dir='ltr'><strong>ἀμπά-</strong></span> <span class='ocrx_word' id='word_1_226' title='bbox 1625 3329 1626 3334; x_wconf 39' lang='lat'>1</span> 
     </span>
    </p>
   </div>
   <div class='ocr_carea' id='block_1_20' title="bbox 329 3401 1541 3956">
    <p class='ocr_par' dir='ltr' id='par_1_20' title="bbox 329 3401 1541 3956">
     <span class='ocr_line' id='line_1_26' title="bbox 329 3401 1541 3488; baseline -0.003 -20"><span class='ocrx_word' id='word_1_227' title='bbox 329 3407 381 3468; x_wconf 88' lang='grc' dir='ltr'><strong>λια</strong></span> <span class='ocrx_word' id='word_1_228' title='bbox 404 3415 456 3488; x_wconf 83' lang='grc' dir='ltr'><strong>τῆς</strong></span> <span class='ocrx_word' id='word_1_229' title='bbox 480 3405 595 3475; x_wconf 75' lang='grc' dir='ltr'><strong>οἰκείας</strong></span> <span class='ocrx_word' id='word_1_230' title='bbox 616 3408 741 3486; x_wconf 82' lang='grc' dir='ltr'><strong>προικός</strong></span> <span class='ocrx_word' id='word_1_231' title='bbox 762 3403 828 3486; x_wconf 88' lang='grc' dir='ltr'><strong>περὶ</strong></span> <span class='ocrx_word' id='word_1_232' title='bbox 850 3407 904 3473; x_wconf 82' lang='grc' dir='ltr'><strong>τὰς</strong></span> <span class='ocrx_word' id='word_1_233' title='bbox 926 3404 1054 3486; x_wconf 84' lang='grc' dir='ltr'><strong>Σὲρρας,</strong></span> <span class='ocrx_word' id='word_1_234' title='bbox 1088 3405 1248 3484; x_wconf 88' lang='grc' dir='ltr'><strong>βούλονται</strong></span> <span class='ocrx_word' id='word_1_235' title='bbox 1270 3401 1354 3464; x_wconf 88' lang='grc' dir='ltr'><strong>ούτοι</strong></span> <span class='ocrx_word' id='word_1_236' title='bbox 1375 3405 1541 3486; x_wconf 90' lang='grc' dir='ltr'><strong>διαπράσαι</strong></span> 
     </span>
     <span class='ocr_line' id='line_1_27' title="bbox 330 3520 1541 3604; baseline -0.003 -20"><span class='ocrx_word' id='word_1_237' title='bbox 330 3531 427 3584; x_wconf 82' lang='grc' dir='ltr'><strong>ταῦτα</strong></span> <span class='ocrx_word' id='word_1_238' title='bbox 458 3524 532 3604; x_wconf 80' lang='grc' dir='ltr'><strong>πρὸς</strong></span> <span class='ocrx_word' id='word_1_239' title='bbox 554 3525 604 3583; x_wconf 78' lang='grc' dir='ltr'><strong>τὸν</strong></span> <span class='ocrx_word' id='word_1_240' title='bbox 628 3523 811 3603; x_wconf 77' lang='grc' dir='ltr'><strong>βουλόμενον</strong></span> <span class='ocrx_word' id='word_1_241' title='bbox 834 3520 1058 3603; x_wconf 74' lang='grc' dir='ltr'><strong>ἐξωνήσασθαι,</strong></span> <span class='ocrx_word' id='word_1_242' title='bbox 1081 3521 1133 3583; x_wconf 83' lang='grc' dir='ltr'><strong>διὰ</strong></span> <span class='ocrx_word' id='word_1_243' title='bbox 1159 3522 1193 3582; x_wconf 80' lang='grc' dir='ltr'><strong>δὲ</strong></span> <span class='ocrx_word' id='word_1_244' title='bbox 1215 3523 1249 3583; x_wconf 86' lang='grc' dir='ltr'><strong>τύ</strong></span> <span class='ocrx_word' id='word_1_245' title='bbox 1272 3520 1347 3582; x_wconf 85' lang='grc' dir='ltr'><strong>εἶναι</strong></span> <span class='ocrx_word' id='word_1_246' title='bbox 1369 3524 1403 3582; x_wconf 86' lang='grc' dir='ltr'><strong>τό</strong></span> <span class='ocrx_word' id='word_1_247' title='bbox 1421 3522 1541 3583; x_wconf 77' lang='grc' dir='ltr'><strong>παιδίον</strong></span> 
     </span>
     <span class='ocr_line' id='line_1_28' title="bbox 330 3633 1540 3724; baseline -0.003 -22"><span class='ocrx_word' id='word_1_248' title='bbox 330 3639 457 3710; x_wconf 76' lang='grc' dir='ltr'><strong>ἀτελοῦς</strong></span> <span class='ocrx_word' id='word_1_249' title='bbox 488 3637 612 3724; x_wconf 84' lang='grc' dir='ltr'><strong>ήλικίας</strong></span> <span class='ocrx_word' id='word_1_250' title='bbox 645 3643 698 3700; x_wconf 88' lang='grc' dir='ltr'><strong>καί</strong></span> <span class='ocrx_word' id='word_1_251' title='bbox 720 3639 922 3721; x_wconf 87' lang='grc' dir='ltr'><strong>φρονήματος,</strong></span> <span class='ocrx_word' id='word_1_252' title='bbox 946 3639 1062 3718; x_wconf 83' lang='grc' dir='ltr'><strong>μήποτε</strong></span> <span class='ocrx_word' id='word_1_253' title='bbox 1085 3635 1259 3719; x_wconf 72' lang='grc' dir='ltr'><strong>ἑμποδισθῇ</strong></span> <span class='ocrx_word' id='word_1_254' title='bbox 1280 3633 1336 3718; x_wconf 84' lang='grc' dir='ltr'><strong>ἥδε</strong></span> <span class='ocrx_word' id='word_1_255' title='bbox 1368 3634 1388 3719; x_wconf 85' lang='grc' dir='ltr'><strong>ή</strong></span> <span class='ocrx_word' id='word_1_256' title='bbox 1420 3639 1540 3718; x_wconf 72' lang='grc' dir='ltr'><strong>πράσις,</strong></span> 
     </span>
     <span class='ocr_line' id='line_1_29' title="bbox 330 3749 1541 3839; baseline -0.001 -23"><span class='ocrx_word' id='word_1_257' title='bbox 330 3754 507 3839; x_wconf 71' lang='grc' dir='ltr'><strong>ἐδεήθησαν</strong></span> <span class='ocrx_word' id='word_1_258' title='bbox 530 3753 613 3818; x_wconf 90' lang='grc' dir='ltr'><strong>ούτοι</strong></span> <span class='ocrx_word' id='word_1_259' title='bbox 635 3765 688 3838; x_wconf 82' lang='grc' dir='ltr'><strong>τῆς</strong></span> <span class='ocrx_word' id='word_1_260' title='bbox 709 3752 793 3838; x_wconf 78' lang='grc' dir='ltr'><strong>ἡμῶν</strong></span> <span class='ocrx_word' id='word_1_261' title='bbox 810 3757 1014 3836; x_wconf 84' lang='grc' dir='ltr'><strong>μετριότητος,</strong></span> <span class='ocrx_word' id='word_1_262' title='bbox 1038 3753 1232 3836; x_wconf 75' lang='grc' dir='ltr'><strong>ἀπολυθῆναι</strong></span> <span class='ocrx_word' id='word_1_263' title='bbox 1248 3753 1364 3836; x_wconf 77' lang='grc' dir='ltr'><strong>γραφήν</strong></span> <span class='ocrx_word' id='word_1_264' title='bbox 1388 3749 1481 3836; x_wconf 86' lang='grc' dir='ltr'><strong>αύτής</strong></span> <span class='ocrx_word' id='word_1_265' title='bbox 1496 3753 1541 3824; x_wconf 85' lang='grc' dir='ltr'><strong>είς</strong></span> 
     </span>
     <span class='ocr_line' id='line_1_30' title="bbox 329 3870 1539 3956; baseline -0.002 -22"><span class='ocrx_word' id='word_1_266' title='bbox 329 3874 382 3954; x_wconf 81' lang='grc' dir='ltr'><strong>τήν</strong></span> <span class='ocrx_word' id='word_1_267' title='bbox 416 3871 484 3954; x_wconf 73' lang='grc' dir='ltr'><strong>ἑίής</strong></span> <span class='ocrx_word' id='word_1_268' title='bbox 507 3873 728 3956; x_wconf 85' lang='grc' dir='ltr'><strong>ἀνενοχλήσίαν</strong></span> <span class='ocrx_word' id='word_1_269' title='bbox 751 3879 804 3932; x_wconf 89' lang='grc' dir='ltr'><strong>τού</strong></span> <span class='ocrx_word' id='word_1_270' title='bbox 827 3870 1067 3952; x_wconf 74' lang='grc' dir='ltr'><strong>ίξωνησομὲνοο·</strong></span> <span class='ocrx_word' id='word_1_271' title='bbox 1100 3872 1153 3952; x_wconf 86' lang='grc' dir='ltr'><strong>τήν</strong></span> <span class='ocrx_word' id='word_1_272' title='bbox 1180 3871 1288 3932; x_wconf 89' lang='grc' dir='ltr'><strong>τούτων</strong></span> <span class='ocrx_word' id='word_1_273' title='bbox 1320 3875 1539 3952; x_wconf 78' lang='grc' dir='ltr'><strong>προσηκαμὲνη</strong></span> 
     </span>
    </p>
   </div>
   <div class='ocr_carea' id='block_1_21' title="bbox 329 3975 1626 4071">
    <p class='ocr_par' dir='ltr' id='par_1_21' title="bbox 329 3975 1626 4071">
     <span class='ocr_line' id='line_1_31' title="bbox 329 3975 1626 4071; baseline 0.001 -22"><span class='ocrx_word' id='word_1_274' title='bbox 329 3991 433 4070; x_wconf 73' lang='grc' dir='ltr'><strong>δέησιν</strong></span> <span class='ocrx_word' id='word_1_275' title='bbox 456 3985 533 4070; x_wconf 89' lang='grc' dir='ltr'><strong>αύτη</strong></span> <span class='ocrx_word' id='word_1_276' title='bbox 555 3991 589 4051; x_wconf 85' lang='grc' dir='ltr'><strong>τό</strong></span> <span class='ocrx_word' id='word_1_277' title='bbox 611 3992 705 4070; x_wconf 85' lang='grc' dir='ltr'><strong>παρόν</strong></span> <span class='ocrx_word' id='word_1_278' title='bbox 729 3986 864 4061; x_wconf 76' lang='grc' dir='ltr'><strong>ἀπολύει,</strong></span> <span class='ocrx_word' id='word_1_279' title='bbox 891 3984 928 4047; x_wconf 82' lang='grc' dir='ltr'><strong>δι’</strong></span> <span class='ocrx_word' id='word_1_280' title='bbox 962 3982 997 4047; x_wconf 85' lang='grc' dir='ltr'><strong>ού</strong></span> <span class='ocrx_word' id='word_1_281' title='bbox 1031 3989 1084 4046; x_wconf 86' lang='grc' dir='ltr'><strong>καί</strong></span> <span class='ocrx_word' id='word_1_282' title='bbox 1115 3975 1366 4066; x_wconf 78' lang='grc' dir='ltr'><strong>παρακελεύεται,</strong></span> <span class='ocrx_word' id='word_1_283' title='bbox 1402 3985 1533 4071; x_wconf 85' lang='grc' dir='ltr'><strong>ἀπεμπο-</strong></span> <span class='ocrx_word' id='word_1_284' title='bbox 1625 4035 1626 4040; x_wconf 34' lang='lat'>1</span> 
     </span>
    </p>
   </div>
   <div class='ocr_carea' id='block_1_22' title="bbox 329 4098 1540 4537">
    <p class='ocr_par' dir='ltr' id='par_1_22' title="bbox 329 4098 1540 4537">
     <span class='ocr_line' id='line_1_32' title="bbox 330 4098 1539 4188; baseline -0.001 -22"><span class='ocrx_word' id='word_1_285' title='bbox 330 4107 464 4188; x_wconf 84' lang='grc' dir='ltr'><strong>ληθήναι</strong></span> <span class='ocrx_word' id='word_1_286' title='bbox 498 4113 593 4166; x_wconf 84' lang='grc' dir='ltr'><strong>ταῦτα</strong></span> <span class='ocrx_word' id='word_1_287' title='bbox 614 4108 706 4186; x_wconf 85' lang='grc' dir='ltr'><strong>χωρίς</strong></span> <span class='ocrx_word' id='word_1_288' title='bbox 728 4107 896 4185; x_wconf 76' lang='grc' dir='ltr'><strong>διοταγμοῡ</strong></span> <span class='ocrx_word' id='word_1_289' title='bbox 930 4107 983 4164; x_wconf 83' lang='grc' dir='ltr'><strong>καί</strong></span> <span class='ocrx_word' id='word_1_290' title='bbox 1006 4101 1201 4186; x_wconf 84' lang='grc' dir='ltr'><strong>ἀμφιβολίας,</strong></span> <span class='ocrx_word' id='word_1_291' title='bbox 1227 4098 1298 4162; x_wconf 77' lang='grc' dir='ltr'><strong>οὐδὲ</strong></span> <span class='ocrx_word' id='word_1_292' title='bbox 1321 4105 1380 4184; x_wconf 75' lang='grc' dir='ltr'><strong>ηάρ</strong></span> <span class='ocrx_word' id='word_1_293' title='bbox 1404 4104 1486 4184; x_wconf 82' lang='grc' dir='ltr'><strong>εἴπερ</strong></span> <span class='ocrx_word' id='word_1_294' title='bbox 1506 4106 1539 4165; x_wconf 89' lang='grc' dir='ltr'><strong>τύ</strong></span> 
     </span>
     <span class='ocr_line' id='line_1_33' title="bbox 330 4216 1537 4303; baseline -0.002 -19"><span class='ocrx_word' id='word_1_295' title='bbox 330 4223 450 4284; x_wconf 86' lang='grc' dir='ltr'><strong>παιδίον</strong></span> <span class='ocrx_word' id='word_1_296' title='bbox 474 4217 630 4300; x_wconf 76' lang='grc' dir='ltr'><strong>ἀνδρωθὲν</strong></span> <span class='ocrx_word' id='word_1_297' title='bbox 652 4222 785 4302; x_wconf 78' lang='grc' dir='ltr'><strong>κινήσειί</strong></span> <span class='ocrx_word' id='word_1_298' title='bbox 808 4240 879 4280; x_wconf 87' lang='grc' dir='ltr'><strong>ποτε</strong></span> <span class='ocrx_word' id='word_1_299' title='bbox 903 4218 1024 4299; x_wconf 78' lang='grc' dir='ltr'><strong>ἀγωγήν</strong></span> <span class='ocrx_word' id='word_1_300' title='bbox 1045 4217 1118 4286; x_wconf 79' lang='grc' dir='ltr'><strong>ἴσως</strong></span> <span class='ocrx_word' id='word_1_301' title='bbox 1141 4216 1390 4302; x_wconf 83' lang='grc' dir='ltr'><strong>ἀρηλικιύιητος,</strong></span> <span class='ocrx_word' id='word_1_302' title='bbox 1426 4225 1537 4303; x_wconf 75' lang='grc' dir='ltr'><strong>ζημιω·</strong></span> 
     </span>
     <span class='ocr_line' id='line_1_34' title="bbox 329 4331 1539 4420; baseline -0.002 -21"><span class='ocrx_word' id='word_1_303' title='bbox 329 4339 461 4418; x_wconf 78' lang='grc' dir='ltr'><strong>θήσεται</strong></span> <span class='ocrx_word' id='word_1_304' title='bbox 483 4331 500 4395; x_wconf 88' lang='grc' dir='ltr'><strong>ύ</strong></span> <span class='ocrx_word' id='word_1_305' title='bbox 523 4334 674 4416; x_wconf 73' lang='grc' dir='ltr'><strong>ἒξωνήσας</strong></span> <span class='ocrx_word' id='word_1_306' title='bbox 696 4340 749 4397; x_wconf 88' lang='grc' dir='ltr'><strong>καί</strong></span> <span class='ocrx_word' id='word_1_307' title='bbox 771 4335 882 4416; x_wconf 77' lang='grc' dir='ltr'><strong>ἄκορος</strong></span> <span class='ocrx_word' id='word_1_308' title='bbox 903 4331 922 4417; x_wconf 88' lang='grc' dir='ltr'>ἡ</span> <span class='ocrx_word' id='word_1_309' title='bbox 943 4343 1052 4417; x_wconf 82' lang='grc' dir='ltr'><strong>πράσις</strong></span> <span class='ocrx_word' id='word_1_310' title='bbox 1068 4337 1237 4417; x_wconf 74' lang='grc' dir='ltr'><strong>γενήσεται,</strong></span> <span class='ocrx_word' id='word_1_311' title='bbox 1260 4331 1306 4396; x_wconf 83' lang='grc' dir='ltr'><strong>ὅτι</strong></span> <span class='ocrx_word' id='word_1_312' title='bbox 1320 4348 1475 4419; x_wconf 70' lang='grc' dir='ltr'><strong>προτροπή</strong></span> <span class='ocrx_word' id='word_1_313' title='bbox 1489 4347 1539 4420; x_wconf 83' lang='grc' dir='ltr'><strong>τής</strong></span> 
     </span>
     <span class='ocr_line' id='line_1_35' title="bbox 330 4447 1540 4537; baseline -0.002 -23"><span class='ocrx_word' id='word_1_314' title='bbox 330 4451 415 4537; x_wconf 79' lang='grc' dir='ltr'><strong>ἡμῶν</strong></span> <span class='ocrx_word' id='word_1_315' title='bbox 439 4451 556 4528; x_wconf 79' lang='grc' dir='ltr'><strong>ίηόνετο</strong></span> <span class='ocrx_word' id='word_1_316' title='bbox 575 4455 782 4533; x_wconf 69' lang='grc' dir='ltr'><strong>μετριότητος,</strong></span> <span class='ocrx_word' id='word_1_317' title='bbox 805 4455 859 4514; x_wconf 86' lang='grc' dir='ltr'><strong>καί</strong></span> <span class='ocrx_word' id='word_1_318' title='bbox 875 4447 979 4526; x_wconf 76' lang='grc' dir='ltr'><strong>οὕτως,</strong></span> <span class='ocrx_word' id='word_1_319' title='bbox 999 4447 1076 4512; x_wconf 73' lang='grc' dir='ltr'><strong>ι’ύοτε</strong></span> <span class='ocrx_word' id='word_1_320' title='bbox 1093 4453 1363 4534; x_wconf 79' lang='grc' dir='ltr'><strong>μετακομισθῆναι</strong></span> <span class='ocrx_word' id='word_1_321' title='bbox 1377 4453 1412 4514; x_wconf 87' lang='grc' dir='ltr'><strong>τύ</strong></span> <span class='ocrx_word' id='word_1_322' title='bbox 1428 4458 1540 4536; x_wconf 87' lang='grc' dir='ltr'><strong>τίμημα</strong></span> 
     </span>
    </p>
   </div>
   <div class='ocr_carea' id='block_1_23' title="bbox 0 0 1648 5270">
    <p class='ocr_par' dir='ltr' id='par_1_23' title="bbox 0 0 1648 5270">
     <span class='ocr_line' id='line_1_36' title="bbox 0 0 1648 5270; baseline 0 0"><span class='ocrx_word' id='word_1_323' title='bbox 0 0 1648 5270; x_wconf 95' lang='lat' dir='ltr'><strong> </strong></span> 
     </span>
    </p>
   </div>
  </div>
 </body>
</html>
