3258 5282
360 271 423 338 398

360 455 489 541 φοβερόν
515 456 569 515 καί
595 454 672 516 πάνυ
699 471 745 514 τοι
770 451 898 536 φοβερόν
924 451 957 513 τό
985 447 1122 534 λμπεσείν
1149 449 1195 521 είς
1223 460 1328 534 χεῖρας
1353 451 1430 513 θεοῦ
1448 455 1556 521 ζῶντος·

361 571 552 648 ἀναλόγιααι,
574 579 637 640 πως
659 567 734 630 καθ’
756 566 835 650 ὥραν
857 569 959 630 κλονεῖ
983 571 1036 652 τήν
1062 578 1127 652 γῆν,
1155 568 1197 640 τίς
1225 571 1426 653 συναίσθησιν
1455 567 1558 644 ἀνάγειν

358 688 440 775 ήμάς
462 698 514 754 τοῦ
536 689 644 762 καλοῦ,
665 698 728 758 πῦς
751 693 906 750 κατασείει
928 691 965 749 τά
991 691 1102 762 πάντα,
1128 699 1192 760 πῦς
1217 690 1251 750 τό
1278 687 1354 770 βαρύ
1380 695 1471 750 τοῦτο
1492 707 1557 771 φορ

357 813 421 870 τίον
443 817 496 891 της
518 815 574 889 γης
595 804 649 868 καὶ
671 807 900 885 δυσβάστακτον
916 809 1033 888 τρίμειν
1058 808 1295 886 παρασκευάζει
1321 815 1385 875 ποῦς
1407 801 1445 866 ού
1468 809 1558 878 στίγει

359 921 436 1009 κύτη
457 907 511 1008 τήν
533 932 585 986 τοῦ
607 929 729 986 κτίστου
751 925 884 1008 φοβεράν
900 921 1034 1005 ἀπειλήν,
1059 925 1122 994 πῶς
1148 926 1350 1006 καταστρόφει
1375 925 1432 992 τάς
1453 923 1557 994 πόλεις,

358 1044 399 1126 μή
422 1044 574 1126 δυναμίνη
596 1045 695 1126 φίρειν
718 1037 795 1109 ύλως
817 1048 869 1102 τοῦ
891 1040 1012 1102 δικαίου
1037 1048 1140 1120 κριτοῦ
1163 1041 1215 1122 τήν
1242 1037 1346 1122 ἀργήν,
1373 1041 1487 1122 ταύτην
1509 1044 1559 1119 γάρ

355 1165 474 1233 πάντως
497 1159 633 1244 μαστίίει
655 1159 705 1221 διά
728 1161 782 1229 τὰς
805 1156 933 1240 ἀνομίας
954 1155 1048 1242 ἡμῶν,
1070 1156 1120 1219 ἵνα
1142 1154 1228 1242 ἡμεῖς
1245 1159 1294 1219 τόν
1310 1165 1362 1218 τοῦ
1378 1159 1459 1218 θεοῦ
1475 1159 1559 1240 φόβον

355 1277 580 1361 ἀναλαβόμενοι
602 1275 828 1362 ίπιστραφῦμεν
850 1280 903 1338 καί
926 1279 1055 1358 γνησίως
1077 1277 1319 1358 μετανοήσωμτν.
1343 1279 1398 1336 καί
1413 1277 1474 1356 γὰρ
1490 1270 1559 1356 αύτη

354 1394 467 1472 ἄλογος
490 1392 567 1456 ούσα
592 1397 645 1456 καί
670 1396 860 1455 παντάπασιν
887 1389 1083 1475 ἀντνίργητος
1110 1391 1153 1462 τίς
1179 1401 1279 1454 πᾶσαν
1306 1396 1435 1468 κακίαν,
1464 1389 1559 1473 ἀμαρ-

353 1517 420 1574 τίαν
441 1521 568 1594 ποιήσαι
586 1507 621 1572 σύ
636 1511 770 1572 δύναται.
793 1513 847 1572 καί
863 1514 958 1570 τοίνυν
973 1511 1146 1584 παύσασθε,
1168 1510 1346 1590 παρακαλῶ,
1369 1520 1424 1594 τῆς
1440 1515 1560 1583 κακίας,

351 1635 406 1692 καί
428 1633 591 1713 τηρήσατε,
615 1625 655 1697 ύς
679 1626 769 1700 είκύς,
793 1625 824 1687 ὲν
847 1625 1001 1711 ἀσφαλείᾳ
1023 1623 1057 1688 ού
1085 1629 1176 1710 μόνον
1203 1623 1297 1696 αότὰς
1323 1631 1377 1698 τὰς
1404 1638 1460 1690 τοῦ
1488 1631 1560 1690 θεοῦ

352 1745 487 1820 ἀντολάς,
510 1743 591 1808 ἀλλὰ
612 1749 666 1806 καί
688 1747 742 1814 τὰς
763 1745 915 1816 διατάξεις
937 1748 991 1806 καί
1012 1746 1198 1826 νομοθεσίας
1220 1755 1277 1806 τιῦν
1299 1748 1392 1806 θείων
1414 1751 1558 1826 πατέρων.

350 1864 367 1928 ό
390 1866 424 1926 δὲ
446 1865 614 1939 τοῦλόγου
636 1863 742 1924 τούτου
765 1864 879 1931 σκοπάς
901 1859 971 1946 ἡμῖν
994 1866 1047 1924 καί
1069 1863 1103 1924 τό
1128 1864 1296 1947 κεφάλαιόν
1325 1860 1389 1924 ἐστι
1416 1868 1485 1945 περί
1507 1873 1558 1924 εῦν

349 1987 495 2058 συζυγιῦν
518 1991 575 2043 τῶν
599 1979 728 2064 ἀνήβων,
751 1981 968 2062 κεκωλυμένων
987 1982 1084 2062 πάντη
1106 1977 1162 2040 καί
1183 1978 1337 2064 ἀθεμίτων
1359 1975 1460 2043 υύσῦν
1481 1985 1559 2062 παρὰ

348 2108 405 2160 τῦν
438 2094 531 2160 θείων
558 2102 612 2160 καί
638 2096 723 2180 ἱερῶν
750 2100 898 2170 κανόνων,
931 2100 997 2176 περί
1025 2093 1066 2158 τόν
1091 2093 1180 2179 ἡμεῖς
1205 2097 1354 2166 πολλάκις
1383 2099 1479 2160 πολύν
1512 2101 1557 2158 τόν

347 2216 439 2292 λόγον
460 2218 514 2276 καί
535 2217 586 2275 τόν
610 2212 714 2290 ἀγῶνα
736 2211 965 2296 ἐποιησάμεθα,
989 2223 1053 2283 ταῖς
1076 2216 1177 2283 θείαις
1204 2213 1486 2286 ίίακολοοθοῦντες
1508 2236 1556 2276 νο·

347 2333 521 2412 μοθεσίαις,
545 2329 609 2393 ἐπεί
632 2325 666 2392 ού
690 2333 780 2412 μόνον
803 2328 906 2390 ἕπεται
932 2340 996 2400 ταῖς
1021 2332 1209 2412 παρανόμοις
1235 2333 1358 2402 ταύταις
1386 2341 1445 2394 τιῦν
1468 2337 1555 2402 συζυ-

345 2457 417 2525 γιῦν
439 2449 545 2532 φθορά
568 2445 709 2529 ἄκαιρος,
734 2444 814 2508 ἀλλά
836 2450 890 2507 καί
915 2447 1051 2517 θάνατος
1077 2447 1192 2517 τούτοις
1219 2445 1424 2511 ἐπακολουθεῖ
1451 2471 1484 2512 τε
1506 2453 1554 2510 καί

345 2563 518 2641 ἀπιγίνεται,
542 2561 583 2634 όνς
606 2564 689 2646 ύμεῖς
712 2564 839 2637 σύνιστε,
862 2561 1030 2625 κάντεῦθεν
1053 2563 1175 2624 διπλοῦν
1196 2567 1310 2648 πέφυκε
1333 2568 1367 2626 τύ
1389 2571 1499 2641 κακόν,
1520 2563 1554 2626 δι’

341 2682 378 2764 ήν
401 2680 499 2744 αὶτίαν
523 2680 735 2762 ἀπηγόρευσαν
758 2688 844 2741 τοῦτο
867 2677 920 2740 καὶ
943 2679 971 2741 οἱ
993 2682 1075 2741 θεῖοι
1096 2684 1223 2760 πατίρες
1245 2681 1407 2757 καθάπαξ,
1437 2683 1483 2754 οίς
1504 2687 1553 2745 καί

340 2800 393 2860 διὰ
414 2806 503 2860 τοῦτο
526 2797 708 2868 ἀκολούθως
732 2795 864 2880 όπομίνη
886 2800 939 2857 καί
961 2793 980 2880 ή
1004 2801 1160 2879 μετριότης
1183 2793 1267 2880 ἡμῶν
1287 2802 1339 2859 καί
1355 2807 1552 2883 φροντίζουσα

341 2927 379 3000 τῇ
401 2923 454 2978 τοῦ
476 2919 552 2977 θεοῦ
575 2918 677 2997 χάριτι
699 2924 753 2996 τῆς
776 2911 932 2996 ἀκριβείας
954 2921 1012 2974 τῶν
1027 2916 1119 2975 θείων
1141 2918 1194 2975 καί
1216 2913 1301 2996 ἱερῶν
1322 2921 1470 2994 κανόνων,
1494 2939 1550 2980 πα-

342 3033 539 3116 ρακελεύεται
566 3035 625 3092 ’καί
657 3028 833 3112 ἐπισκήπτει
865 3039 956 3091 πᾶσιν
983 3025 1048 3110 ύμῖν
1077 3027 1107 3090 ἐν
1134 3027 1211 3112 ἀγίιρ
1237 3035 1383 3117 πνεύματι
1416 3037 1469 3098 διά
1501 3045 1550 3100 τοῦ

340 3154 488 3233 παρόντος
511 3151 699 3230 γράμματος,
723 3157 783 3216 τοῖς
806 3169 836 3208 τε
864 3145 1038 3230 ἱερωμόνοις
1059 3151 1113 3209 καί
1134 3149 1259 3224 λαῖκοίς,
1283 3149 1341 3212 κάν
1363 3151 1548 3237 όποιοιδήτι-

341 3289 391 3338 νες
414 3265 480 3342 ἀοι,
504 3268 718 3348 σῦντηρεῖσθαι
742 3263 800 3326 ἀπό
823 3285 858 3341 γε
882 3272 934 3325 τοῦ
956 3273 1006 3326 νῦν
1029 3270 1082 3326 καί
1102 3265 1144 3336 τίς
1159 3269 1193 3328 τύ
1216 3265 1293 3350 ἑξῆς,
1317 3279 1369 3331 τοῦ
1385 3278 1496 3354 μηκότι,
1517 3275 1548 3332 τύ

342 3387 468 3448 σύνολον
501 3385 651 3466 τολμῆσαί
683 3404 749 3444 τινα
781 3380 856 3445 καθ’
884 3381 1054 3465 οἱονδήτινα
1079 3387 1187 3465 τρόπον
1217 3384 1328 3468 ἄνηβον
1362 3396 1547 3453 συνοικόσιον

341 3503 584 3586 διαπράξασθαι·
608 3499 634 3560 εὶ
656 3499 690 3559 δέ
713 3519 747 3574 γε
770 3502 931 3582 πειραθείη
951 3521 994 3569 τις
1009 3511 1066 3561 τιῦν
1089 3497 1235 3576 ἀπάντων,
1259 3501 1290 3575 ἐξ
1312 3502 1476 3581 ἀλογίστου
1498 3506 1547 3568 καί

342 3623 492 3702 θρασείας
515 3627 567 3702 τῆς
589 3619 704 3699 τόλμης
732 3614 871 3697 ἀμακαί
895 3615 1040 3686 ἀπονοίας
1061 3623 1281 3702 περιφρονήσας
1302 3631 1355 3704 της
1378 3621 1545 3707 ἐκκλησια-

339 3745 447 3820 στικής
473 3739 659 3818 νομοθεσίας
686 3739 739 3795 καί
765 3737 997 3810 καταστάσεως,
1025 3734 1137 3819 ἀνηβον
1164 3741 1378 3820 συστήσασθαι
1407 3749 1543 3806 συνοικί-

339 3873 414 3924 σιυν,
438 3852 465 3914 εἰ
487 3855 540 3935 μίν
564 3850 628 3914 ἔστι
653 3861 705 3914 τοῦ
731 3861 788 3913 τῶν
814 3850 898 3933 ἰεριῦν
926 3861 1035 3934 χοροῦ,
1065 3853 1141 3915 ἔστω
1166 3857 1386 3938 καθηρηγιίνος
1413 3867 1466 3922 καί
1493 3883 1542 3937 γε·

339 3973 531 4052 γυμνωμίνος
553 3971 653 4052 πάσης
676 3969 850 4052 ἱερωσύνης,
874 3969 900 4030 τί
922 3969 956 4030 δὲ
979 3970 1098 4044 λαῖκύς,
1128 3970 1204 4032 ἔστω
1232 3967 1287 4034 ύπύ
1314 3975 1408 4056 βάρος
1430 3984 1541 4062 φρῑῃγ.

337 4088 410 4158 δους
433 4085 611 4170 ἀφυρισμοῦ,
635 4083 676 4155 ἀς
692 4083 727 4147 ἀν
744 4090 992 4169 συντηροομίνης,
1015 4088 1147 4169 βοηθείᾳ
1162 4091 1248 4164 θεοῦ,
1265 4099 1318 4172 τῆς
1334 4087 1476 4175 εύνυμίας
1491 4100 1540 4156 καί

337 4204 502 4288 θεοφιλοῦς
523 4201 677 4271 πολιτείας
698 4206 752 4263 καί
774 4205 992 4271 καταστάσεως
1018 4211 1075 4262 τῶν
1101 4205 1193 4264 θείων
1220 4211 1273 4266 καί
1300 4207 1385 4289 ἱερῶν
1408 4217 1539 4274 κανόνων

335 4433 403 4516 παρ’
430 4433 522 4496 αύτοῦ
549 4437 681 4517 βοήθεια
708 4440 760 4496 καί
788 4435 889 4504 ἄνεσις
916 4445 972 4495 τιῦν
998 4439 1188 4516 κατεχόντων
1214 4435 1295 4521 ἡμᾶς
1323 4445 1464 4522 μεγάλων
1489 4452 1537 4508 m}
