3282 5270
383 592 519 660 οουιιι.
542 592 782 671 (ezerr-1369)
802 599 944 678 aug-usto.
963 590 1026 656 ina.
1042 591 1108 656 νυ.
1123 627 1145 635 ,.
1209 643 1211 647 ,
1244 642 1247 652 .

190 745 382 818 Mamur,
399 751 541 824 ερίεεορτει
555 751 723 823 θυτορσίεοε,
741 753 911 824 transfertur
924 753 954 806 εἰι
967 751 1136 822 metropolim
1149 728 1297 809 Ρίείάίαε,

386 961 519 1031 ουονν.
542 967 782 1044 (τοτε-νοω)
801 972 941 1051 περιτο.
961 964 1025 1029 τσο.
1040 963 1107 1030 vu.

61 1126 63 1130 ’
132 1121 329 1192 Metropolitae
347 1123 473 1178 Ρίεάώίαε
489 1143 541 1194 ραι·
559 1126 759 1178 adiunctionem
782 1126 922 1195 consermr
945 1091 1150 1179 αώπιὶιιίείκαίέο
1173 1125 1352 1194 archiepisco-

588 1254 677 1315 ραίτιε
697 1243 887 1314 Μρείόίυειιπε.

394 1473 513 1540 CCLV.
529 1473 769 1554 (ww-1369)
784 1483 925 1560 augusto.
941 1472 1006 1538 ind.
1023 1473 1090 1537 vll.

313 1633 437 1688 ωιιωο
461 1633 594 1686 Sardium
617 1634 760 1686 ποσιτιον
784 1635 925 1702 metropoli
942 1595 1179 1704 Γλαυκίππου..

217 1801 238 1875 †
270 1798 435 1882 Πρᾶξις
467 1797 685 1880 συνοδικῆ
719 1794 789 1858 έπί
821 1795 873 1880 τῷ
904 1795 1249 1885 Φιλαδελφείας
1280 1807 1310 1882 †.

216 1915 294 1990 †‘0
316 1916 352 1978 δέ
371 1919 472 1978 πάντα
494 1925 665 1998 μεταποιῶν
687 1917 798 1996 χρόνος
819 1917 873 1977 καὶ
896 1911 1030 1997 ἀμείβων
1052 1921 1106 1978 καί
1129 1917 1174 1990 είς
1195 1923 1294 2006 τόμῆ
1317 1921 1352 1986 όν

130 2046 241 2118 χωρεῖν
272 2037 519 2116 παρασκευάζων
551 2037 589 2096 τό
626 2034 731 2104 καλῶς
768 2033 883 2116 έχοντα
922 2035 1014 2117 μέχρι
1049 2037 1139 2099 τοῦδε
1171 2043 1209 2102 τὰ
1242 2039 1352 2108 ἑαυτοῦ

129 2163 226 2215 ποιεῖν
247 2156 302 2214 καί
324 2162 378 2237 τῆς
398 2153 481 2223 ίδίας
503 2161 633 2236 φυσικῆς
657 2138 851 2223 ἀκολουθίας
874 2151 1023 2236 ἐχόμενος
1045 2158 1098 2216 καί
1112 2159 1165 2239 τῆν
1185 2169 1244 2222 τών
1269 2159 1352 2244 Σάφ.

129 2273 209 2336 δεων
232 2271 370 2356 μεγάλην
393 2273 582 2354 μετρόπυλιν,
606 2268 652 2356 ἐφ’
675 2267 754 2353 οὕτω
780 2273 871 2354 δόξης
897 2275 1094 2356 προήκουσαν
1125 2279 1180 2338 καί
1201 2282 1351 2364 τοσαύτην
1386 2268 1388 2272 ’

128 2395 326 2476 περιφάνειαν
349 2401 488 2474 σχοῦσαν
521 2388 581 2453 ἀπό
604 2411 636 2452 τε
658 2394 774 2474 χρόνου
794 2394 847 2453 καί
870 2400 924 2474 τῆς
946 2402 1004 2454 τών
1027 2391 1059 2454 λν
1081 2389 1159 2479 αότῆ
1181 2397 1351 2483 καλλίστης

130 2503 271 2580 εάταέίας
294 2529 327 2570 τε
350 2512 404 2570 καί
424 2508 623 2582 παιδεύσεως,
646 2505 689 2578 ώς
711 2507 766 2570 καὶ
787 2519 852 2580 ταῖς
868 2515 1026 2592 μεγίσταις
1040 2516 1094 2574 καί
1108 2518 1240 2595 πρώταις
1256 2537 1350 2580 συνα-

130 2629 328 2712 ριθμηθῆναι
361 2637 418 2690 τών
452 2627 680 2710 μητροπόλεων,
713 2630 768 2689 καί
800 2630 834 2689 τό
856 2641 1000 2710 πρωτεῖον
1021 2632 1099 2714 πλὴν
1122 2629 1231 2710 όλίγων
1264 2647 1351 2701 τινών

128 2749 213 2808 κατά
234 2755 340 2808 ποιοῦν
362 2744 565 2830 ἐπιφέρεσθαι
586 2750 641 2807 καί
662 2747 696 2808 τό
724 2749 847 2828 κράτος,
870 2745 929 2810 κάν
956 2759 1021 2820 ταῖς
1043 2747 1184 2824 ἀπόντων
1206 2751 1350 2839 έγκτιμέ-

130 2885 185 2948 νην
208 2865 374 2942 γλώσσαις,
408 2863 449 2936 ώς
480 2861 599 2948 ἥδισμό
621 2887 649 2928 τι
671 2868 794 2948 τερπνόν
816 2870 870 2928 καί
891 2867 1097 2951 καλλώπισμα
1119 2881 1177 2934 τών
1202 2869 1274 2937 ὅσαι
1295 2887 1350 2960 τῆς

129 2984 239 3052 Ἀσίας
271 2985 488 3067 προκάθηνται
519 2985 647 3059 πόλεων,
682 2983 725 3056 εὶς
748 2991 876 3047 τοσοῦτο
908 2995 959 3048 νῦν
993 2985 1147 3072 ἀμορφίας
1178 2996 1349 3076 προήνεγκε

129 3105 242 3184 ταύτην
264 3107 319 3164 καί
342 3098 419 3164 οότω
442 3105 476 3164 τό
499 3101 566 3167 κατ’
590 3101 693 3187 αότῆν,
716 3106 793 3166 θεοῦ
816 3106 936 3188 δηλαδῆ
953 3117 1191 3190 συγχωροῦντος,
1215 3113 1349 3190 διέθετο,

129 3220 171 3293 ὣς
194 3223 274 3306 μηδέ
297 3231 406 3306 σχῆμα
433 3227 506 3298 γοῦν
527 3223 644 3293 πόλεως
668 3221 836 3295 ἀποσώζειν
858 3229 913 3287 καί
936 3229 1042 3308 μικρόν
1065 3249 1131 3291 τινα
1164 3242 1350 3316 χαρακτῆρα

128 3341 195 3405 ἀντὶ
214 3341 405 3423 παραδείσου
426 3349 548 3424 τρυφῆς,
573 3339 746 3426 ἀφανισμοῦ
768 3347 822 3404 καί
845 3341 998 3415 ἀπωλείας
1012 3347 1116 3407 πεδίον
1132 3355 1348 3434 γεγενημένην.

126 3467 182 3525 καί
203 3470 300 3524 ταῦτα
323 3467 377 3543 μέν
399 3465 441 3545 περ
463 3465 565 3545 χρόνῳ
587 3475 681 3524 ποιεῖν
704 3466 757 3524 καὶ
780 3466 817 3524 τά
838 3461 943 3544 πολλφῐ
967 3466 1079 3527 τυότων
1102 3466 1147 3528 έει
1170 3474 1264 3550 χείρω
1287 3481 1349 3542 τοῖς

126 3591 203 3644 πᾶσι
225 3583 436 3662 προσαπειλείν
459 3581 545 3654 έθος,
568 3577 645 3662 ὅλην
665 3577 835 3662 εόρίσκυντι
857 3583 911 3664 τὴν
933 3580 1008 3644 καθ’
1029 3579 1116 3665 ἡμῶν
1139 3581 1351 3670 ἀγανάκτησιν

126 3709 181 3763 τοῦ
203 3703 281 3763 θεοῦ
303 3701 356 3763 όιά
382 3703 412 3763 τό
436 3710 492 3761 τών
515 3698 669 3782 ἁμαρτιῶν
691 3696 776 3782 ἡμῶν
798 3700 929 3781 πλῆθος,
953 3699 1038 3782 μα’λα
1052 3704 1179 3772 δικαίως
1194 3699 1264 3786 ἡμῖν
1280 3704 1349 3768 έπι·

128 3823 318 3902 γιγνομένην.
342 3831 404 3888 τοῖς
426 3819 460 3880 δέ
485 3839 518 3894 γε
541 3827 594 3900 τῆς
618 3815 787 3901 ἀσφαλείας
810 3813 908 3879 αότιῦν
930 3823 984 3880 καί
1005 3829 1059 3902 τῆς
1087 3817 1129 3888 εἷς
1158 3823 1191 3881 τό
1214 3833 1349 3902 κρεῖττον

128 3933 372 4018 ἐπανορθώσεως
396 3935 535 4019 ἀνάγκην
558 3936 666 4018 έχουσι
688 3936 845 4018 κήδεσθαι
877 3947 935 4000 τών
958 3935 1161 3998 ἀπολωλότων
1188 3943 1225 4000 τά
1248 3959 1349 4003 κατα-

127 4055 297 4139 λειφθέντα
320 4061 399 4137 μέρη
422 4058 562 4130 συνοίγειν
584 4055 734 4137 προσῆκει
766 4057 820 4116 καί
843 4055 961 4124 τούτοις
983 4055 1122 4138 φυλακὴν
1150 4056 1193 4128 εὶς
1220 4061 1253 4120 τό
1277 4057 1347 4142 ἑξῆς

126 4185 286 4257 χορηγεῖν,
321 4171 362 4242 ὡς
385 4171 421 4235 ἀν
444 4181 497 4256 τῆς
519 4182 665 4256 χρονικῆς
688 4171 851 4255 ἐπιβουλῆς
875 4171 1011 4254 ἀνώτερα
1034 4177 1071 4233 τά
1105 4183 1158 4257 τῆς
1193 4171 1346 4260 ῥηθείσης

126 4293 297 4374 ἐκκλησίας
330 4292 566 4376 περιλειφθέντα
598 4288 633 4351 ἐκ
670 4291 790 4352 πολλῶν
835 4293 930 4371 μικρὰ
968 4291 1097 4372 λείψανα
1141 4304 1347 4377 πνευματικῆς

126 4409 314 4494 ἐπισκέψεως
338 4407 466 4481 ἀξιώσαι
488 4419 545 4470 τῶν
567 4409 782 4490 προσηκόντων
805 4405 842 4468 ἀν
866 4405 928 4488 εἴη,
961 4409 1012 4469 τόν
1034 4411 1130 4472 καλόν
1154 4409 1268 4473 ἐκεῖνον
1292 4434 1345 4494 μι-

127 4535 296 4610 μουμένους
327 4533 471 4610 ποιμένα,
506 4527 540 4594 ὃς
573 4530 610 4587 τά
643 4525 743 4586 πολλοὶ
767 4536 825 4586 τών
847 4527 1004 4606 προβάτων
1032 4529 1217 4602 καταλιπών,
1241 4531 1346 4601 καλώς
