3282 5270
1249 303 1307 364 451

91 475 335 558 καθαπτόμενον
357 473 460 550 αὐτοῦ,
484 473 566 540 ἀλλά
587 479 669 539 κατὰ
696 480 749 549 τάς
777 488 835 540 τῶν
862 481 955 541 θείων
981 485 1034 542 καί
1064 479 1149 562 ἱερῶν
1176 484 1311 546 κανόνων

90 590 232 674 ἀκριβεῖς
252 597 477 678 παρατηρήσεις
499 599 553 656 καί
574 597 760 678 παραδόσεις
783 595 961 674 ἐκλεχίντος
988 593 1044 660 όπό
1067 601 1232 680 τριάκοντα
1254 599 1310 662 καί

92 717 194 770 ταῦτα
227 707 394 793 ἀρχιερέων
428 709 661 794 ὁμονοησάντων
698 709 836 776 ἁπάντων
869 719 923 776 καί
956 705 1101 798 μηδενός
1120 714 1312 786 ἀντειπόντος

90 829 150 887 καί
174 822 403 910 ἀναβεβηκότος
425 825 468 896 τίς
491 829 541 889 τόν
564 823 679 910 ὑψηλόν
702 838 755 912 της
776 835 997 914 πατριαρχείας
1019 834 1144 912 θρόνον,
1168 853 1310 914 σεσημα-

92 947 208 1023 σμένον
235 948 288 1006 καί
315 940 503 1028 ἀπογραφαῖς
530 942 696 1028 ἀρχιερέων
723 939 758 1006 οδ
780 947 908 1020 πάντων,
932 942 999 1006 ἀλλ’
1023 943 1119 1022 ἐνίων,
1141 953 1195 1010 καί
1218 957 1314 1010 ταῦτα

92 1060 324 1154 βεβιασμίναις,
346 1061 399 1124 όιά
420 1063 455 1124 τό
478 1063 624 1138 ηενίσθαι
646 1063 752 1123 τούτου
763 1060 876 1124 ·ἐνεκεν
898 1070 951 1124 τοῦ
968 1063 1009 1145 μὴ
1027 1065 1178 1147 προβῆναι
1199 1065 1313 1148 δηλον-

94 1179 146 1238 ότι
169 1179 204 1238 τό
226 1181 354 1260 γράμμα
381 1177 552 1250 κάνονικός
574 1179 733 1242 διάστασιν
761 1176 810 1240 ἀπ’
838 1177 978 1262 ἀλλήλων
1002 1183 1056 1240 καί
1082 1173 1255 1243 σκάνδαλον
1277 1177 1314 1242 οδ

93 1295 217 1374 μικρόν,
240 1295 282 1376 μη
306 1298 569 1380 συμφωνησάντων
592 1293 731 1358 ἁπάντων
758 1304 924 1376 τηνικαῦτα
950 1306 987 1378 τη
1015 1297 1220 1377 μεναλυπόλει
1247 1297 1314 1359 ἐτι-

92 1410 275 1492 δημοόντων
297 1397 479 1494 ἀρχιτρέων,
504 1409 575 1494 μηδ’
598 1411 643 1484 τίς
662 1407 753 1474 ταότὸ
781 1415 902 1496 ηνιόμης
930 1411 1134 1495 ἐληλυθότων,
1164 1409 1236 1474 aba&
1264 1416 1315 1478 τόν

93 1529 275 1590 δωδίκατον
306 1536 378 1604 γοῦν
401 1529 610 1600 διασωίόντων
634 1528 776 1612 ἀριθμόν,
803 1533 885 1592 κατὰ
907 1533 961 1600 τάς
988 1527 1121 1612 ἀκριβεῖς
1147 1534 1315 1602 κανονιαὰς

95 1646 288 1726 παραδόσεις
311 1643 342 1706 ἐν
364 1657 425 1716 τοῖς
447 1649 605 1720 τοιούτοις,
630 1645 710 1708 ἀλλὰ
736 1647 993 1710 συνθολωθίντων
1020 1651 1075 1709 καί
1101 1651 1318 1730 ταραχθίντων

96 1765 183 1824 κατὰ
207 1764 389 1845 συνείδησιν,
421 1767 476 1823 καί
498 1773 555 1824 τόν
579 1767 632 1845 μὶν
654 1765 889 1845 παροραθέντων
911 1760 985 1823 κάπὶ
1006 1764 1099 1824 πολὺν
1126 1767 1236 1844 χρόνον
1258 1748 1319 1824 οια-Ι

95 1883 317 1962 κουχουμίνων
331 1881 384 1940 καί
404 1880 778 1960 προσταλαιπωρουρνίνων,
802 1888 860 1940 τῶν
875 1879 908 1939 δέ
925 1875 1178 1952 ἀναπεισθίντων,
1202 1890 1259 1940 τῶν
1281 1882 1316 1942 δέ

97 1999 307 2076 βιασθίντων,
339 1993 457 2057 ἐκείνου
485 1997 519 2057 δὲ
548 1999 626 2077 μετὰ
651 1996 850 2077 παραδρομὴν
882 1991 987 2055 ἱκανοῦ
1014 1997 1126 2076 χρόνου
1153 1994 1194 2076 τῷ
1219 1997 1317 2076 χρεόν

96 2115 391 2196 λελειτουργηκότας
414 2116 468 2174 καί
492 2113 608 2196 δεησαν
632 2115 806 2194 προστάτην
834 2113 981 2187 γενέσθαι
1007 2121 1061 2193 τῆς
1088 2110 1270 2193 ἐκκλησίας,
1299 2110 1317 2175 δ

94 2233 198 2293 πάντα
219 2231 293 2311 πρός
317 2231 350 2290 τό
373 2233 524 2311 συμρέρον
546 2229 651 2303 λόγοις
674 2225 816 2309 ἀρρήτοις
832 2226 1000 2308 οἰκονομῶν
1021 2231 1104 2302 θεός,
1121 2231 1314 2310 μετατρέπων

97 2370 132 2410 τε
162 2351 218 2410 καὶ
246 2348 481 2428 μετασκευάίων
508 2343 556 2406 ἐπί
582 2347 616 2406 τό
644 2345 777 2424 βέλτιον,
804 2341 957 2426 ἐλάλησεν·
981 2343 1024 2414 είς
1052 2347 1106 2428 την
1132 2347 1314 2429 θεοκίνητον

97 2469 155 2527 καί
177 2461 268 2540 άγίαν
291 2463 391 2545 ψυχὴν
413 2469 467 2523 τοῦ
489 2465 653 2542 κρατίστου
674 2463 728 2522 καί
751 2457 840 2536 άηίοο
861 2457 947 2542 ἡμῶν
970 2455 1119 2522 αὖθίντου
1146 2465 1200 2522 καί
1222 2463 1314 2541 βασι-

95 2584 186 2657 λάως,
208 2585 262 2643 καί
284 2582 392 2657 διέηνω
414 2583 469 2640 καί
486 2576 625 2662 ἠθίλησε
640 2583 693 2640 καί
709 2576 886 2651 ἀπεδέξατο,
902 2571 1077 2658 κινούμενος
1100 2573 1156 2640 δπό
1179 2587 1233 2661 της
1256 2577 1313 2661 ἐμ-

96 2700 194 2783 ρότου
215 2701 270 2758 καί
291 2699 533 2778 συνουσιωμένης
556 2692 650 2758 αὐτοῦ
672 2704 709 2776 τῇ
732 2699 814 2776 ψυχῇ
837 2695 1011 2777 φρονήσεως
1032 2691 1139 2776 άκρας,
1162 2697 1215 2755 καί
1238 2693 1314 2756 τίλι-

97 2818 282 2896 κρινίστατα
302 2815 357 2874 καί
382 2815 607 2894 καθαρώτατα,
633 2813 830 2894 χρηστότατά
856 2831 888 2871 τι
916 2815 969 2870 καί
995 2797 1236 2885 καλοκαγαθίας
1260 2815 1313 2872 καλ

98 2936 219 3014 θερμοῦ
241 2934 296 2992 καί
317 2931 464 3011 διαπύρου
487 2937 539 2991 τοῦ
564 2929 667 3012 ζήλου,
691 2923 782 3008 οόπτρ
806 2927 874 3010 ἔχει
894 2931 961 3008 περί
982 2931 1082 2989 πάντα
1097 2924 1200 2997 ἁπλῶς
1223 2927 1313 2989 εἰπεῖν

98 3053 138 3110 τὰ
160 3050 305 3128 βίλτιστα
331 3049 386 3107 καί
413 3046 638 3126 μάλισταπερί
664 3046 698 3105 τό
726 3045 846 3104 δίκαιον
873 3039 947 3106 αότό
974 3048 1028 3105 καί
1054 3043 1242 3117 λυσιτελοῦν,
1272 3063 1313 3124 μη

100 3171 193 3252 μόνον
216 3175 253 3247 τῇ
275 3172 328 3225 τοό
351 3163 429 3224 θεοό
452 3163 615 3244 ἐκκλησία,
640 3159 720 3222 ἀλλὰ
742 3165 795 3222 καί
823 3163 967 3242 συμπάσῃ
990 3170 1027 3244 τῇ
1049 3162 1238 3221 καταστάσει
1260 3169 1314 3242 της

98 3279 264 3357 πολιτείας,
287 3278 360 3362 ὑπὲρ
382 3275 418 3341 οδ
440 3283 493 3341 καὶ
514 3275 601 3360 ἡμεῖς
628 3278 779 3346 πολλάκις
802 3275 977 3359 ἐδεήθημεν
998 3285 1051 3338 τοῦ
1073 3281 1237 3357 κρατίστου
1259 3279 1314 3337 καί

99 3402 191 3480 άηίοο
211 3403 266 3462 καί
288 3397 347 3460 ἀπό
363 3399 440 3458 θεοῦ
456 3395 605 3476 βασιλέως
629 3391 721 3455 αότοό
742 3393 807 3473 ἰδίη
829 3415 861 3455 τε
877 3398 931 3454 καί
946 3383 1047 3475 κοινῇ,
1063 3395 1118 3454 καί
1140 3391 1312 3474 ἐπανῆλθον

100 3519 195 3590 αὖθις
209 3517 226 3581 δ
240 3518 468 3592 παναχιότατος
483 3510 567 3595 ἡμῶν
582 3513 731 3594 δεσπότης
746 3513 800 3598 καί
815 3509 1025 3592 οίκουμενικός
1040 3513 1238 3590 πατριάρχης,
1253 3509 1311 3592 κάρ

99 3639 269 3707 Φιλόθεος,
293 3633 336 3704 τίς
358 3632 649 3712 τόν’πατριαρχικόν
671 3631 783 3710 θρονον
807 3623 899 3702 αράτοό
922 3629 999 3706 μετὰ
1022 3636 1073 3708 τῆς
1095 3627 1313 3708 προσηκούσης

100 3756 242 3836 μεγάλης
263 3757 441 3833 προπομπῆς
463 3745 518 3809 καὶ
533 3755 634 3827 τιμῆς·
658 3753 710 3806 τοῦ
733 3751 805 3818 γοῦν
827 3741 1004 3823 πράγματος
1026 3749 1132 3802 τοῦτον
1155 3737 1195 3810 ὣς
1218 3738 1313 3824 ἐχρῆν

98 3873 375 3954 προκεχωρηκότος
398 3886 448 3928 τον
471 3868 587 3948 τρόπον,
612 3861 689 3924 ἐλέει
707 3865 765 3922 καί
789 3861 916 3940 εὐδοκία
938 3863 1024 3932 θεοῦ,
1049 3857 1157 3940 ἀρτίως
1181 3859 1311 3940 συνελη-

98 3992 231 4058 λυθότες
253 3984 338 4070 ἡμεῖς
361 3983 490 4053 ἅπαντες
514 3980 724 4063 ὁμοθυμαδὸν,
746 3977 799 4049 οός
822 3981 854 4038 τό
879 3975 951 4039 αάτά
971 3981 1025 4038 καί
1045 3977 1076 4037 ἐν
1098 3986 1216 4058 πνεῦμα
1237 3993 1311 4040 σον·

99 4111 173 4190 ηψτν
198 4103 385 4187 ἀδιλρικῶς,
407 4105 461 4162 καί
483 4109 571 4182 κοινῇ
594 4098 889 4177 υυνδιαοκεψάμενοι
912 4099 949 4156 τὰ
970 4097 1038 4176 περί
1065 4095 1171 4154 τούτου
1195 4091 1313 4172 ἀκριβεῖ

102 4226 227 4303 βασάνῳ
249 4224 303 4283 καί
324 4214 501 4300 δοκιμασία,
525 4227 585 4284 τοῖς
608 4213 696 4295 ἱεροίς
718 4215 905 4294 κεχρημένοι
926 4205 1050 4285 κανόσι,
1073 4211 1235 4292 διίηνωμεν
1257 4213 1312 4268 καί

101 4339 336 4426 ἀπερηνάμεθα,
358 4335 409 4397 ἵνα
430 4337 464 4396 τό
486 4342 621 4396 τοιοῦτον
644 4329 840 4412 ηρσίρμαίεῖη
862 4329 1016 4398 παντελῶς
1040 4327 1151 4409 ἄκυρον
1166 4328 1219 4387 καί
1235 4323 1311 4404 ἀβό-

101 4459 201 4536 βαιον,
236 4453 277 4524 ὣς
303 4454 417 4535 προβάν
445 4455 498 4513 καί
526 4452 652 4526 γεγονός
679 4444 735 4509 οὐκ
763 4445 920 4528 ἐνθέσμως
945 4449 999 4507 καί
1026 4453 1210 4515 κανονικῶς,
1244 4437 1311 4502 ἀλλ’

1057 4549 1089 4597 29
1108 4544 1123 4578 *
