3258 5282
313 289 374 353 386

396 471 433 534 ΙΙ.
467 463 723 546 γΕὐγενίστατε,
751 467 947 536 συνετιότατε,
975 461 1177 546 ὰνδρικοίτατε
1209 465 1289 547 μίγα
1316 459 1446 543 βοῐβόδα
1476 454 1531 519 καί

312 587 447 652 αόθίντα
467 588 568 666 πάσης
588 579 852 663 Οὐγγροβλαχίας,
876 579 905 642 ἐν
929 578 1006 664 άγίιρ
1027 583 1172 663 πνεόματι
1194 583 1391 663 γνησιώτατε,
1411 579 1530 639 ποθει-

242 747 244 752 .
309 711 415 768 νότατε
440 701 484 764 υἱὲ
507 711 560 784 τῆς
582 697 666 782 ἡμῶν
691 702 895 782 μετριότητος,
918 707 975 781 κῦρ
996 699 1189 781 Ἀλίξανδρε,
1206 695 1321 774 ὐγιείαν
1346 697 1401 758 καὶ
1426 692 1530 758 εὐθυ-

309 828 380 907 μίαν
403 827 513 903 ψυχῆς,
536 820 676 899 σώματός
698 838 730 878 τε
754 811 844 898 βῶσιν
866 820 920 878 καί
941 815 1056 890 εὐεξίαν
1076 822 1129 880 καί
1144 829 1212 893 πάν,
1235 813 1252 878 ό
1275 838 1303 877 τι
1326 813 1452 902 τάγαθόν
1476 818 1533 874 καί

308 946 467 1022 σωτήριον,
494 935 655 1019 ἐπεύχεται
685 947 722 1018 τή
751 933 907 1018 ἀντιλήψει
936 957 991 998 σου
1017 933 1037 1019 ή
1061 939 1220 1019 μετριότης
1245 931 1331 1016 ήμῶν
1360 931 1419 994 ἀπό
1448 935 1533 994 θεοῦ

307 1059 565 1138 παντοκράτορος.
591 1052 650 1115 ἀπό
673 1063 730 1116 τῶν
753 1057 938 1138 γραμμάτων
961 1061 1014 1134 τῆς
1037 1063 1093 1136 σής
1115 1049 1268 1128 εὐγενείας
1290 1055 1345 1113 καί
1367 1061 1426 1112 τῶν
1447 1071 1532 1132 προ-

307 1181 399 1256 τίρινν
425 1171 479 1234 καὶ
507 1181 564 1232 τῶν
590 1166 720 1252 ὐστάρων
749 1169 909 1251 ἐγνώρισεν
936 1168 1069 1252 ἀκριβῶς
1095 1167 1115 1252 ἡ
1147 1172 1306 1252 μετριότης
1332 1165 1432 1252 ήμῶν,
1468 1165 1534 1230 ὅσα

306 1292 417 1377 ὐδήλυυ
441 1288 461 1373 ἡ
489 1287 626 1366 εὐγίνειά
653 1311 720 1362 σου,
750 1293 803 1350 καί
830 1287 996 1361 ἀπεδίίατο
1024 1293 1107 1376 κατά
1132 1290 1210 1350 πολύ
1236 1293 1289 1351 καί
1314 1287 1443 1370 όπήνεσε
1475 1289 1534 1370 τήν

305 1408 478 1472 εὐπείθειαν
500 1410 554 1468 καί
576 1403 730 1488 ὐπυταγήν
751 1405 805 1468 καὶ
828 1408 956 1490 στοργήν
978 1411 1032 1468 καί
1058 1400 1195 1489 ἀγάπην,
1221 1406 1257 1489 ἣν
1286 1405 1370 1489 ἔχεις
1399 1406 1443 1476 τίς
1473 1407 1533 1496 τήν

305 1527 395 1604 ἁγίαν
419 1535 471 1586 τοῦ
494 1525 624 1606 Χριστοῦ
648 1525 823 1606 καθολικὴν
844 1529 898 1586 καί
921 1522 1126 1608 ἀποστολικήν
1150 1525 1328 1608 ἐκκλησίαν,
1347 1522 1417 1608 Ιἥτις
1442 1523 1532 1586 ἰστίν

302 1641 322 1727 ή
344 1646 426 1726 πηγή
450 1647 503 1703 καί
530 1638 550 1724 ἡ
578 1636 647 1720 ῥίζα
670 1651 723 1722 τής
752 1637 909 1720 εὐσεβείας
935 1645 989 1703 καί
1016 1644 1049 1703 τό
1077 1646 1231 1726 στήριγμα
1258 1647 1311 1704 καί
1334 1639 1351 1703 ό
1373 1643 1532 1724 θεμίλιος
1625 1685 1626 1688 ¹

302 1771 355 1824 τοῦ
377 1769 623 1844 χριστιανισμυῦ,
646 1762 699 1818 καί
723 1759 865 1840 μάλιστα,
893 1755 939 1820 ὅτι
965 1763 1063 1842 ζητεῖς
1087 1758 1147 1822 ἀπό
1169 1765 1270 1844 ψυχῆς
1292 1759 1441 1843 ὐρχιερία
1470 1764 1531 1821 καί

299 1883 429 1959 ποιμίνα
451 1880 505 1937 καί
528 1875 716 1935 διδάσκαλον
740 1882 791 1934 τοῦ
814 1877 906 1935 τόπου
928 1879 982 1937 κἀί
1004 1885 1058 1958 τής
1081 1873 1273 1959 ἐπικρατείας
1289 1885 1342 1959 τής
1366 1872 1530 1952 εὐγενείας

250 2025 251 2028 “
303 2017 368 2070 σου,
391 1997 581 2076 χειροτονίαν
604 2001 656 2074 τῆς
679 1988 771 2066 ἁγίας
794 1999 846 2052 τοῦ
869 1994 944 2052 θεοῦ
967 1994 1143 2075 καθολικής
1158 1993 1212 2056 καὶ
1235 1991 1448 2076 ἀποστυλικής·
1466 1992 1528 2054 ἐκ·

302 2114 444 2194 πλησίας,
468 2108 509 2179 όις
532 2109 595 2179 υἱὸς
618 2105 710 2191 αὐτῆς
733 2111 855 2190 γνήσιος
876 2113 930 2170 καί
945 2105 1098 2192 εὐπειθής,
1121 2113 1229 2181 καθώς
1252 2109 1331 2172 ἐστιν
1354 2109 1529 2196 δρειλόμε-

302 2251 353 2292 νον
375 2231 462 2290 παντὶ
486 2227 660 2308 βουλομένῳ
685 2233 810 2306 θερμῶς
832 2231 885 2287 καί
908 2231 984 2307 μετά
1007 2227 1185 2307 εἰλικρινοῦς
1211 2233 1339 2298 πίστεως
1361 2230 1529 2312 δίχεσθαι

302 2351 355 2431 τήν
378 2344 534 2425 εὐσέβειαν
556 2350 610 2406 καί
633 2345 860 2424 ἀποτρέπεσθαι
884 2348 937 2414 τάς
952 2367 984 2406 τε
998 2351 1262 2426 παραουναγωγὰς
1277 2351 1330 2408 καί
1345 2351 1384 2409 τά
1400 2349 1529 2432 ἶκμολα

302 2471 357 2529 καί
379 2465 525 2544 ἀλλότρια
547 2464 696 2544 δόγματα.
722 2461 784 2523 ἐπεὶ
807 2460 867 2530 οὐν,
892 2461 932 2532 ὡς
956 2461 1083 2546 εἴρηται,
1113 2467 1189 2544 μετὰ
1214 2465 1330 2547 πολλής
1358 2463 1526 2549 ἀποδοχῆς

275 2675 277 2678 Ι
304 2588 356 2646 καί
379 2582 506 2663 ὐρὲξειος
530 2585 611 2660 ζητεῖ
633 2577 652 2662 ἡ
676 2577 815 2654 εὐγένειά
837 2601 902 2653 σου,
925 2579 975 2642 ἵνα
998 2581 1057 2663 ἔχη
1083 2577 1194 2643 αὐτόθι
1215 2580 1364 2664 ἀρχιερία
1379 2592 1432 2666 τῆς
1454 2583 1529 2666 περί

304 2705 357 2783 τήν
379 2699 463 2783 ήμῶν
487 2702 668 2780 μετριότητα
691 2703 782 2768 θείας
808 2698 862 2759 καὶ
890 2697 973 2780 ἱεράς
1001 2701 1127 2762 συνόδου
1155 2711 1208 2784 τής
1235 2703 1374 2784 μεγάλης
1400 2699 1527 2784 ἔκκλη-

305 2825 387 2890 σίας,
416 2821 468 2878 καὶ
494 2825 545 2877 νῦν
573 2820 626 2897 μὲν
654 2819 704 2876 τόν
731 2815 892 2896 ἱερώτατον
919 2819 1141 2900 μητροπολίτην
1167 2818 1321 2901 Βιτζίνης,
1350 2816 1528 2902 ὐπὲρτιμον,

306 2937 461 3016 ἀγαπητόν
484 2937 564 2995 κατά
586 2935 688 3014 κόριον
713 2931 845 3016 ἀδελφόν
869 2943 921 3016 τής
942 2931 1027 3016 ἡμῶν
1048 2939 1241 3018 μετριότητος
1256 2940 1309 2998 καί
1326 2939 1526 3020 ουλλειτουρ-

307 3057 369 3128 γῦν,
393 3061 449 3131 κῦρ
472 3050 643 3119 Ὑάκινθον,
668 3055 744 3130 μετὰ
767 3051 799 3110 δὲ
823 3053 1000 3132 ταρίλευυιν
1024 3033 1128 3120 αὐτοῦ,
1157 3053 1190 3114 δν
1217 3052 1255 3116 ἂν
1280 3053 1441 3139 ἐκλέξηται
1465 3067 1526 3122 καί

307 3171 507 3252 χειροτονήσῃ
531 3171 619 3249 ψήφῳ
643 3165 826 3250 συνυδικήή
850 3172 917 3229 καθ
946 3165 1028 3250 ἡμᾶς
1052 3168 1205 3253 ἁγιωτάτη
1228 3180 1281 3232 τοῦ
1300 3176 1378 3234 θεοῦ
1398 3177 1527 3258 μεγάλη

308 3288 470 3368 ίκκλησία,
493 3289 546 3344 καί
570 3283 709 3365 ἐκπέμψῃ
732 3289 805 3365 πρός
828 3288 880 3366 τήν
904 3282 1055 3360 εὐγένειάν
1078 3309 1132 3348 σου
1158 3293 1212 3350 καί
1233 3292 1307 3370 πρός
1334 3293 1387 3372 τήν
1411 3289 1527 3354 αὐτόθι

306 3415 408 3465 πάσαν
431 3400 530 3483 ἀρχήν
551 3406 604 3461 καί
626 3400 818 3480 ἐπικράτειαν
842 3399 935 3462 αὐτοῦ
963 3401 1109 3483 ἀρχιερέα
1136 3408 1273 3486 γνήσιον,
1301 3411 1354 3473 καί
1380 3404 1428 3470 ὅτι
1450 3409 1524 3470 δια-

308 3522 482 3600 βεβαιοῦται
504 3514 524 3600 ἠ
548 3515 684 3590 εὐγένειαί
708 3539 763 3580 σου
785 3515 916 3598 ἐνόρκως
938 3523 991 3579 καί
1014 3522 1091 3601 μετὰ
1117 3521 1233 3602 πολλῆς
1261 3519 1446 3606 ἀσφαλείας,
1474 3524 1528 3589 ὅτε

306 3643 359 3700 καί
382 3641 457 3719 μετὰ
480 3639 615 3696 θάνατον
640 3633 731 3697 αὐτοῦ
758 3637 862 3716 μέλλει
887 3637 960 3696 εἶναι
989 3647 1076 3698 τοῦτο
1105 3637 1332 3724 απαραποίητον
1359 3613 1412 3704 καί
1441 3641 1525 3726 ἀμε-

308 3761 438 3817 τάθετον
461 3753 504 3822 εὶς
527 3756 596 3822 τούς
618 3755 828 3834 κληρονόμους
850 3759 902 3814 καί
930 3755 1094 3837 διαδόχους
1121 3753 1214 3838 αὐτῆς
1240 3757 1284 3830 εὶς
1310 3763 1343 3821 τό
1367 3764 1523 3844 μηδίττςς
1627 3781 1628 3828 fi

307 3875 440 3953 θελήσαι
463 3872 613 3941 δέξασθαι
637 3867 745 3938 αὐτοὺς
769 3869 914 3952 ἀρχιερέα
937 3871 1094 3954 ἑτέρωθεν.
1108 3875 1175 3935 ’κᾶν
1199 3875 1262 3944 οἶος
1282 3876 1342 3958 ἄρα
1357 3885 1411 3941 καί
1427 3882 1521 3952 ἔστιν,

307 3991 333 4052 εί
356 3991 396 4070 μή
421 3993 608 4070 χειροτονίαν
629 3993 682 4047 καί
706 3987 876 4069 ἀποστολήν
900 3999 951 4070 τῆς
974 3995 1039 4050 καθ
1069 3989 1152 4074 ἡμάς
1171 3991 1342 4078 ἁγιωτάτης
1364 4008 1418 4060 τοῦ
1441 4003 1522 4062 θεοῦ

307 4109 443 4190 μεγάλης
467 4107 643 4187 ἐκκλησίας.
667 4105 725 4165 διὰ·
741 4114 812 4180 γοῦν
836 4115 930 4167 ταῦτα
952 4113 1050 4168 πάντα
1072 4113 1124 4170 καί
1148 4113 1281 4190 μάλιστα
1303 4114 1354 4175 διά
1377 4119 1411 4175 τό
1435 4117 1522 4198 ἔχειν

265 4263 267 4268 -
306 4225 358 4304 τήν
383 4221 534 4296 εὐγένειάν
558 4243 612 4281 σου
634 4224 778 4302 καθαρόν
802 4221 918 4286 εὔνοιαν
941 4228 994 4284 καί
1017 4223 1137 4308 ἀγάπην
1163 4233 1216 4288 καί
1242 4228 1286 4299 εἰς
1308 4235 1359 4290 τόν
1382 4230 1418 4292 ἐκ
1440 4235 1521 4296 θεοῦ

305 4345 468 4420 κράτιστον
490 4342 543 4397 καί
567 4335 653 4412 ἅγιόν
676 4332 735 4420 μοιί
761 4337 983 4420 αὐτοκράτορα,
1011 4345 1061 4402 τόν
1088 4339 1276 4424 ὑψηλότατον
1303 4349 1434 4426 βασιλέα
1462 4361 1520 4414 τῶν

305 4456 474 4540 Ῥωμαίων,
502 4457 535 4516 τό
560 4457 742 4536 συμφόρημα
765 4459 882 4517 πάντων
910 4467 967 4518 τῶν
996 4457 1132 4534 ἀγαθῶν,
1163 4464 1213 4522 τόν
1236 4464 1445 4544 γαληνότατον
1467 4473 1521 4532 καὶ
