<?xml version="1.0" encoding="UTF-8"?>
<!DOCTYPE html PUBLIC "-//W3C//DTD XHTML 1.0 Transitional//EN"
    "http://www.w3.org/TR/xhtml1/DTD/xhtml1-transitional.dtd">
<html xmlns="http://www.w3.org/1999/xhtml" xml:lang="en" lang="en">
 <head>
  <title>
</title>
<meta http-equiv="Content-Type" content="text/html;charset=utf-8" />
  <meta name='ocr-system' content='tesseract 3.04.00' />
  <meta name='ocr-capabilities' content='ocr_page ocr_carea ocr_par ocr_line ocrx_word'/>
</head>
<body>
  <div class='ocr_page' id='page_1' title='image "./actaetdiplomata01miklgoog_0393.png"; bbox 0 0 3262 5276; ppageno 0'>
   <div class='ocr_carea' id='block_1_1' title="bbox 282 302 345 366">
    <p class='ocr_par' dir='ltr' id='par_1_1' title="bbox 282 302 345 366">
     <span class='ocr_line' id='line_1_1' title="bbox 282 302 345 366; baseline 0.016 -1"><span class='ocrx_word' id='word_1_1' title='bbox 282 302 345 366; x_wconf 66' lang='lat' dir='ltr'><strong>3oe</strong></span> 
     </span>
    </p>
   </div>
   <div class='ocr_carea' id='block_1_2' title="bbox 285 483 1543 1168">
    <p class='ocr_par' dir='ltr' id='par_1_2' title="bbox 285 483 1543 1168">
     <span class='ocr_line' id='line_1_2' title="bbox 286 483 1513 576; baseline 0.002 -26"><span class='ocrx_word' id='word_1_2' title='bbox 286 507 392 572; x_wconf 86' lang='grc' dir='ltr'><strong>τητος,</strong></span> <span class='ocrx_word' id='word_1_3' title='bbox 419 487 461 560; x_wconf 85' lang='grc' dir='ltr'><strong>είς</strong></span> <span class='ocrx_word' id='word_1_4' title='bbox 486 487 540 570; x_wconf 73' lang='grc' dir='ltr'><strong>τὴν</strong></span> <span class='ocrx_word' id='word_1_5' title='bbox 566 489 725 572; x_wconf 77' lang='grc' dir='ltr'><strong>λαχοῦσαν</strong></span> <span class='ocrx_word' id='word_1_6' title='bbox 748 483 839 553; x_wconf 78' lang='grc' dir='ltr'><strong>αὐτόν</strong></span> <span class='ocrx_word' id='word_1_7' title='bbox 866 491 1008 575; x_wconf 88' lang='grc' dir='ltr'><strong>τοιαῦτην</strong></span> <span class='ocrx_word' id='word_1_8' title='bbox 1031 487 1202 576; x_wconf 85' lang='grc' dir='ltr'><strong>άγιιιτάτην</strong></span> <span class='ocrx_word' id='word_1_9' title='bbox 1225 491 1424 576; x_wconf 68' lang='grc' dir='ltr'><strong>μητρόπολιν·</strong></span> <span class='ocrx_word' id='word_1_10' title='bbox 1450 491 1513 554; x_wconf 74' lang='grc' dir='ltr'><strong>δια</strong></span> 
     </span>
     <span class='ocr_line' id='line_1_3' title="bbox 287 605 1513 704; baseline 0 -36"><span class='ocrx_word' id='word_1_11' title='bbox 287 615 376 669; x_wconf 83' lang='grc' dir='ltr'><strong>τοῦτο</strong></span> <span class='ocrx_word' id='word_1_12' title='bbox 396 611 452 669; x_wconf 86' lang='grc' dir='ltr'><strong>καί</strong></span> <span class='ocrx_word' id='word_1_13' title='bbox 474 610 630 704; x_wconf 73' lang='grc' dir='ltr'><strong>γράρομεν</strong></span> <span class='ocrx_word' id='word_1_14' title='bbox 650 611 727 692; x_wconf 79' lang='grc' dir='ltr'><strong>πρὸς</strong></span> <span class='ocrx_word' id='word_1_15' title='bbox 748 610 801 693; x_wconf 73' lang='grc' dir='ltr'><strong>την</strong></span> <span class='ocrx_word' id='word_1_16' title='bbox 823 609 1002 694; x_wconf 85' lang='grc' dir='ltr'><strong>θεοριλείσν</strong></span> <span class='ocrx_word' id='word_1_17' title='bbox 1026 631 1095 685; x_wconf 92' lang='grc' dir='ltr'><strong>σοο,</strong></span> <span class='ocrx_word' id='word_1_18' title='bbox 1121 607 1172 672; x_wconf 79' lang='grc' dir='ltr'><strong>ἵνα</strong></span> <span class='ocrx_word' id='word_1_19' title='bbox 1194 605 1369 695; x_wconf 68' lang='grc' dir='ltr'><strong>εὐρρανθης</strong></span> <span class='ocrx_word' id='word_1_20' title='bbox 1390 607 1445 674; x_wconf 81' lang='grc' dir='ltr'><strong>καὶ</strong></span> <span class='ocrx_word' id='word_1_21' title='bbox 1465 609 1513 671; x_wconf 85' lang='grc' dir='ltr'><strong>σῦ</strong></span> 
     </span>
     <span class='ocr_line' id='line_1_4' title="bbox 288 722 1512 816; baseline 0.002 -30"><span class='ocrx_word' id='word_1_22' title='bbox 288 722 336 787; x_wconf 79' lang='grc' dir='ltr'><strong>ἐπὶ</strong></span> <span class='ocrx_word' id='word_1_23' title='bbox 363 735 400 810; x_wconf 74' lang='grc' dir='ltr'><strong>τῇ</strong></span> <span class='ocrx_word' id='word_1_24' title='bbox 432 731 587 810; x_wconf 77' lang='grc' dir='ltr'><strong>παρουσία</strong></span> <span class='ocrx_word' id='word_1_25' title='bbox 620 723 727 804; x_wconf 87' lang='grc' dir='ltr'><strong>αὐτοῦ,</strong></span> <span class='ocrx_word' id='word_1_26' title='bbox 753 731 808 790; x_wconf 85' lang='grc' dir='ltr'><strong>καί</strong></span> <span class='ocrx_word' id='word_1_27' title='bbox 836 725 990 812; x_wconf 77' lang='grc' dir='ltr'><strong>ἀπονέμης</strong></span> <span class='ocrx_word' id='word_1_28' title='bbox 1017 731 1070 813; x_wconf 76' lang='grc' dir='ltr'><strong>τὴν</strong></span> <span class='ocrx_word' id='word_1_29' title='bbox 1096 726 1296 816; x_wconf 73' lang='grc' dir='ltr'><strong>ὀφειλομένην</strong></span> <span class='ocrx_word' id='word_1_30' title='bbox 1330 730 1419 812; x_wconf 84' lang='grc' dir='ltr'><strong>τιμὴν</strong></span> <span class='ocrx_word' id='word_1_31' title='bbox 1450 730 1512 790; x_wconf 79' lang='grc' dir='ltr'><strong>καί</strong></span> 
     </span>
     <span class='ocr_line' id='line_1_5' title="bbox 287 829 1511 932; baseline 0.005 -28"><span class='ocrx_word' id='word_1_32' title='bbox 287 837 463 906; x_wconf 84' lang='grc' dir='ltr'><strong>εὐπείθειαν</strong></span> <span class='ocrx_word' id='word_1_33' title='bbox 483 845 559 928; x_wconf 83' lang='grc' dir='ltr'><strong>πρός</strong></span> <span class='ocrx_word' id='word_1_34' title='bbox 582 829 686 922; x_wconf 82' lang='grc' dir='ltr'><strong>αὐτόν,</strong></span> <span class='ocrx_word' id='word_1_35' title='bbox 710 844 754 917; x_wconf 82' lang='grc' dir='ltr'><strong>είς</strong></span> <span class='ocrx_word' id='word_1_36' title='bbox 778 846 798 909; x_wconf 76' lang='grc' dir='ltr'><strong>ἃ</strong></span> <span class='ocrx_word' id='word_1_37' title='bbox 821 845 926 930; x_wconf 83' lang='grc' dir='ltr'><strong>μέλλει</strong></span> <span class='ocrx_word' id='word_1_38' title='bbox 953 849 1053 924; x_wconf 85' lang='grc' dir='ltr'><strong>λέγειν</strong></span> <span class='ocrx_word' id='word_1_39' title='bbox 1075 845 1116 919; x_wconf 81' lang='grc' dir='ltr'><strong>ιθς</strong></span> <span class='ocrx_word' id='word_1_40' title='bbox 1141 849 1253 932; x_wconf 73' lang='grc' dir='ltr'><strong>ποιμὴν</strong></span> <span class='ocrx_word' id='word_1_41' title='bbox 1274 851 1329 910; x_wconf 80' lang='grc' dir='ltr'><strong>καί</strong></span> <span class='ocrx_word' id='word_1_42' title='bbox 1351 848 1511 910; x_wconf 82' lang='grc' dir='ltr'><strong>διδάσκα-</strong></span> 
     </span>
     <span class='ocr_line' id='line_1_6' title="bbox 285 954 1514 1050; baseline 0.002 -26"><span class='ocrx_word' id='word_1_43' title='bbox 285 962 342 1034; x_wconf 88' lang='grc' dir='ltr'><strong>λος</strong></span> <span class='ocrx_word' id='word_1_44' title='bbox 364 954 530 1050; x_wconf 72' lang='grc' dir='ltr'><strong>ψοχοιρῖελῆ</strong></span> <span class='ocrx_word' id='word_1_45' title='bbox 552 967 606 1027; x_wconf 86' lang='grc' dir='ltr'><strong>καί</strong></span> <span class='ocrx_word' id='word_1_46' title='bbox 629 967 763 1048; x_wconf 75' lang='grc' dir='ltr'><strong>σωτήρια</strong></span> <span class='ocrx_word' id='word_1_47' title='bbox 784 969 838 1028; x_wconf 84' lang='grc' dir='ltr'><strong>καί</strong></span> <span class='ocrx_word' id='word_1_48' title='bbox 861 970 1029 1050; x_wconf 81' lang='grc' dir='ltr'><strong>σοστητικά</strong></span> <span class='ocrx_word' id='word_1_49' title='bbox 1051 975 1109 1030; x_wconf 85' lang='grc' dir='ltr'><strong>τῦν</strong></span> <span class='ocrx_word' id='word_1_50' title='bbox 1130 969 1225 1028; x_wconf 86' lang='grc' dir='ltr'><strong>θείων</strong></span> <span class='ocrx_word' id='word_1_51' title='bbox 1245 969 1300 1028; x_wconf 84' lang='grc' dir='ltr'><strong>καί</strong></span> <span class='ocrx_word' id='word_1_52' title='bbox 1321 963 1408 1048; x_wconf 78' lang='grc' dir='ltr'><strong>ἱερῶν</strong></span> <span class='ocrx_word' id='word_1_53' title='bbox 1429 965 1514 1041; x_wconf 87' lang='grc' dir='ltr'><strong>δογ-</strong></span> 
     </span>
     <span class='ocr_line' id='line_1_7' title="bbox 286 1069 1543 1168; baseline 0.002 -26"><span class='ocrx_word' id='word_1_54' title='bbox 286 1083 389 1163; x_wconf 79' lang='grc' dir='ltr'><strong>μάτων</strong></span> <span class='ocrx_word' id='word_1_55' title='bbox 414 1089 469 1165; x_wconf 78' lang='grc' dir='ltr'><strong>τῆς</strong></span> <span class='ocrx_word' id='word_1_56' title='bbox 495 1079 665 1167; x_wconf 83' lang='grc' dir='ltr'><strong>ἐκκλησίας</strong></span> <span class='ocrx_word' id='word_1_57' title='bbox 692 1083 784 1159; x_wconf 87' lang='grc' dir='ltr'><strong>θεοῦ,</strong></span> <span class='ocrx_word' id='word_1_58' title='bbox 814 1091 902 1146; x_wconf 86' lang='grc' dir='ltr'><strong>τοῦτο</strong></span> <span class='ocrx_word' id='word_1_59' title='bbox 929 1087 988 1168; x_wconf 86' lang='grc' dir='ltr'><strong>γάρ</strong></span> <span class='ocrx_word' id='word_1_60' title='bbox 1016 1081 1080 1148; x_wconf 87' lang='grc' dir='ltr'><strong>ἐστι</strong></span> <span class='ocrx_word' id='word_1_61' title='bbox 1105 1089 1160 1147; x_wconf 86' lang='grc' dir='ltr'><strong>καί</strong></span> <span class='ocrx_word' id='word_1_62' title='bbox 1186 1085 1229 1157; x_wconf 84' lang='grc' dir='ltr'><strong>τίς</strong></span> <span class='ocrx_word' id='word_1_63' title='bbox 1257 1069 1307 1148; x_wconf 82' lang='grc' dir='ltr'><strong>τόν</strong></span> <span class='ocrx_word' id='word_1_64' title='bbox 1340 1087 1418 1148; x_wconf 82' lang='grc' dir='ltr'><strong>θεὸν</strong></span> <span class='ocrx_word' id='word_1_65' title='bbox 1452 1079 1511 1145; x_wconf 86' lang='grc' dir='ltr'><strong>εὐ-</strong></span> <span class='ocrx_word' id='word_1_66' title='bbox 1540 1113 1543 1117; x_wconf 93' lang='grc'><strong><em>·</em></strong></span> 
     </span>
    </p>
   </div>
   <div class='ocr_carea' id='block_1_3' title="bbox 167 1198 1511 1288">
    <p class='ocr_par' dir='ltr' id='par_1_3' title="bbox 167 1198 1511 1288">
     <span class='ocr_line' id='line_1_8' title="bbox 167 1198 1511 1288; baseline 0.003 -26"><span class='ocrx_word' id='word_1_67' title='bbox 167 1264 170 1271; x_wconf 81' lang='grc'><strong>,</strong></span> <span class='ocrx_word' id='word_1_68' title='bbox 285 1201 456 1264; x_wconf 84' lang='grc' dir='ltr'><strong>απόδεκτον</strong></span> <span class='ocrx_word' id='word_1_69' title='bbox 477 1207 532 1265; x_wconf 87' lang='grc' dir='ltr'><strong>καί</strong></span> <span class='ocrx_word' id='word_1_70' title='bbox 553 1201 595 1273; x_wconf 82' lang='grc' dir='ltr'><strong>είς</strong></span> <span class='ocrx_word' id='word_1_71' title='bbox 618 1203 671 1286; x_wconf 77' lang='grc' dir='ltr'><strong>την</strong></span> <span class='ocrx_word' id='word_1_72' title='bbox 684 1198 770 1287; x_wconf 77' lang='grc' dir='ltr'><strong>ἡμῶν</strong></span> <span class='ocrx_word' id='word_1_73' title='bbox 787 1206 969 1287; x_wconf 69' lang='grc' dir='ltr'><strong>μετριότητα</strong></span> <span class='ocrx_word' id='word_1_74' title='bbox 983 1208 1038 1266; x_wconf 85' lang='grc' dir='ltr'><strong>καί</strong></span> <span class='ocrx_word' id='word_1_75' title='bbox 1060 1204 1114 1288; x_wconf 76' lang='grc' dir='ltr'><strong>τὴν</strong></span> <span class='ocrx_word' id='word_1_76' title='bbox 1136 1207 1226 1268; x_wconf 88' lang='grc' dir='ltr'><strong>θείαν</strong></span> <span class='ocrx_word' id='word_1_77' title='bbox 1248 1208 1302 1268; x_wconf 85' lang='grc' dir='ltr'><strong>καί</strong></span> <span class='ocrx_word' id='word_1_78' title='bbox 1324 1203 1408 1286; x_wconf 80' lang='grc' dir='ltr'><strong>ἱεράν</strong></span> <span class='ocrx_word' id='word_1_79' title='bbox 1431 1205 1511 1267; x_wconf 91' lang='grc' dir='ltr'><strong>σόν-</strong></span> 
     </span>
    </p>
   </div>
   <div class='ocr_carea' id='block_1_4' title="bbox 277 1317 1516 4488">
    <p class='ocr_par' dir='ltr' id='par_1_4' title="bbox 277 1317 1516 4488">
     <span class='ocr_line' id='line_1_9' title="bbox 287 1317 1505 1406; baseline 0.004 -27"><span class='ocrx_word' id='word_1_80' title='bbox 287 1317 359 1380; x_wconf 89' lang='grc' dir='ltr'><strong>οδον</strong></span> <span class='ocrx_word' id='word_1_81' title='bbox 391 1317 560 1396; x_wconf 83' lang='grc' dir='ltr'><strong>ἐπαινετόν,</strong></span> <span class='ocrx_word' id='word_1_82' title='bbox 592 1331 680 1384; x_wconf 85' lang='grc' dir='ltr'><strong>τοῦτο</strong></span> <span class='ocrx_word' id='word_1_83' title='bbox 707 1325 761 1384; x_wconf 85' lang='grc' dir='ltr'><strong>καί</strong></span> <span class='ocrx_word' id='word_1_84' title='bbox 787 1319 817 1384; x_wconf 87' lang='grc' dir='ltr'><strong>οί</strong></span> <span class='ocrx_word' id='word_1_85' title='bbox 837 1323 918 1385; x_wconf 75' lang='grc' dir='ltr'><strong>θεῖοι</strong></span> <span class='ocrx_word' id='word_1_86' title='bbox 944 1326 998 1385; x_wconf 86' lang='grc' dir='ltr'><strong>καί</strong></span> <span class='ocrx_word' id='word_1_87' title='bbox 1020 1320 1094 1406; x_wconf 79' lang='grc' dir='ltr'><strong>ἱεροί</strong></span> <span class='ocrx_word' id='word_1_88' title='bbox 1115 1326 1243 1400; x_wconf 84' lang='grc' dir='ltr'><strong>κανόνες</strong></span> <span class='ocrx_word' id='word_1_89' title='bbox 1269 1323 1505 1406; x_wconf 80' lang='grc' dir='ltr'><strong>παρακελεύον-</strong></span> 
     </span>
     <span class='ocr_line' id='line_1_10' title="bbox 286 1415 1508 1523; baseline 0.001 -24"><span class='ocrx_word' id='word_1_90' title='bbox 286 1459 350 1512; x_wconf 89' lang='grc' dir='ltr'><strong>ται,</strong></span> <span class='ocrx_word' id='word_1_91' title='bbox 374 1433 472 1523; x_wconf 77' lang='grc' dir='ltr'><strong>ῥητῶς</strong></span> <span class='ocrx_word' id='word_1_92' title='bbox 500 1435 578 1502; x_wconf 73' lang='grc' dir='ltr'><strong>οὕτω</strong></span> <span class='ocrx_word' id='word_1_93' title='bbox 605 1441 760 1517; x_wconf 88' lang='grc' dir='ltr'><strong>λέγοντες·</strong></span> <span class='ocrx_word' id='word_1_94' title='bbox 787 1441 878 1517; x_wconf 63' lang='grc' dir='ltr'><strong>,τοῦς</strong></span> <span class='ocrx_word' id='word_1_95' title='bbox 906 1439 1091 1514; x_wconf 73' lang='grc' dir='ltr'><strong>ἐπισκόπους</strong></span> <span class='ocrx_word' id='word_1_96' title='bbox 1116 1415 1228 1513; x_wconf 72' lang='grc' dir='ltr'><strong>παντὸς</strong></span> <span class='ocrx_word' id='word_1_97' title='bbox 1251 1441 1362 1512; x_wconf 78' lang='grc' dir='ltr'><strong>ίθνοος</strong></span> <span class='ocrx_word' id='word_1_98' title='bbox 1388 1439 1508 1503; x_wconf 75' lang='grc' dir='ltr'><strong>εἰδέναι</strong></span> 
     </span>
     <span class='ocr_line' id='line_1_11' title="bbox 287 1555 1509 1643; baseline -0.001 -23"><span class='ocrx_word' id='word_1_99' title='bbox 287 1558 349 1639; x_wconf 80' lang='grc' dir='ltr'><strong>χρὴ</strong></span> <span class='ocrx_word' id='word_1_100' title='bbox 377 1559 427 1620; x_wconf 83' lang='grc' dir='ltr'><strong>τόν</strong></span> <span class='ocrx_word' id='word_1_101' title='bbox 455 1556 569 1622; x_wconf 81' lang='grc' dir='ltr'><strong>έαοτῦν</strong></span> <span class='ocrx_word' id='word_1_102' title='bbox 594 1571 713 1643; x_wconf 80' lang='grc' dir='ltr'><strong>πρῶτον</strong></span> <span class='ocrx_word' id='word_1_103' title='bbox 740 1564 795 1623; x_wconf 82' lang='grc' dir='ltr'><strong>καί</strong></span> <span class='ocrx_word' id='word_1_104' title='bbox 819 1570 921 1623; x_wconf 82' lang='grc' dir='ltr'><strong>πάσαν</strong></span> <span class='ocrx_word' id='word_1_105' title='bbox 954 1557 1117 1642; x_wconf 75' lang='grc' dir='ltr'><strong>εὐλάβειαν</strong></span> <span class='ocrx_word' id='word_1_106' title='bbox 1147 1565 1200 1624; x_wconf 89' lang='grc' dir='ltr'><strong>καί</strong></span> <span class='ocrx_word' id='word_1_107' title='bbox 1234 1557 1388 1642; x_wconf 75' lang='grc' dir='ltr'><strong>ὑποταγὴν</strong></span> <span class='ocrx_word' id='word_1_108' title='bbox 1421 1555 1509 1640; x_wconf 75' lang='grc' dir='ltr'><strong>αὐτηῑ</strong></span> 
     </span>
     <span class='ocr_line' id='line_1_12' title="bbox 288 1674 1515 1765; baseline 0.002 -29"><span class='ocrx_word' id='word_1_109' title='bbox 288 1674 482 1758; x_wconf 82' lang='grc' dir='ltr'><strong>ἀπονέμειν.“</strong></span> <span class='ocrx_word' id='word_1_110' title='bbox 505 1675 571 1740; x_wconf 86' lang='grc' dir='ltr'><strong>ἐπεί</strong></span> <span class='ocrx_word' id='word_1_111' title='bbox 591 1679 626 1741; x_wconf 79' lang='grc' dir='ltr'><strong>δέ</strong></span> <span class='ocrx_word' id='word_1_112' title='bbox 649 1680 701 1742; x_wconf 84' lang='grc' dir='ltr'><strong>διὰ</strong></span> <span class='ocrx_word' id='word_1_113' title='bbox 723 1681 776 1762; x_wconf 75' lang='grc' dir='ltr'><strong>την</strong></span> <span class='ocrx_word' id='word_1_114' title='bbox 797 1680 1001 1763; x_wconf 78' lang='grc' dir='ltr'><strong>πνευματικὴν</strong></span> <span class='ocrx_word' id='word_1_115' title='bbox 1025 1679 1147 1765; x_wconf 89' lang='grc' dir='ltr'><strong>ἀγάπην</strong></span> <span class='ocrx_word' id='word_1_116' title='bbox 1169 1685 1222 1742; x_wconf 82' lang='grc' dir='ltr'><strong>καί</strong></span> <span class='ocrx_word' id='word_1_117' title='bbox 1238 1679 1378 1761; x_wconf 70' lang='grc' dir='ltr'><strong>στοργήν,</strong></span> <span class='ocrx_word' id='word_1_118' title='bbox 1402 1676 1440 1760; x_wconf 75' lang='grc' dir='ltr'><strong>ἣν</strong></span> <span class='ocrx_word' id='word_1_119' title='bbox 1464 1676 1515 1740; x_wconf 85' lang='grc' dir='ltr'><strong>ιῖ·</strong></span> 
     </span>
     <span class='ocr_line' id='line_1_13' title="bbox 285 1793 1510 1881; baseline 0.001 -25"><span class='ocrx_word' id='word_1_120' title='bbox 285 1801 341 1877; x_wconf 83' lang='grc' dir='ltr'><strong>’χεν</strong></span> <span class='ocrx_word' id='word_1_121' title='bbox 363 1793 380 1858; x_wconf 79' lang='grc' dir='ltr'><strong>ὁ</strong></span> <span class='ocrx_word' id='word_1_122' title='bbox 402 1796 557 1880; x_wconf 83' lang='grc' dir='ltr'><strong>δηλωθείς</strong></span> <span class='ocrx_word' id='word_1_123' title='bbox 579 1795 739 1880; x_wconf 82' lang='grc' dir='ltr'><strong>ἱερώτατος</strong></span> <span class='ocrx_word' id='word_1_124' title='bbox 766 1797 943 1881; x_wconf 79' lang='grc' dir='ltr'><strong>ἀρχιερεὺς,</strong></span> <span class='ocrx_word' id='word_1_125' title='bbox 971 1807 1027 1880; x_wconf 89' lang='grc' dir='ltr'><strong>κῦρ</strong></span> <span class='ocrx_word' id='word_1_126' title='bbox 1049 1797 1261 1876; x_wconf 84' lang='grc' dir='ltr'><strong>Θεόγνιοστος,</strong></span> <span class='ocrx_word' id='word_1_127' title='bbox 1288 1797 1333 1868; x_wconf 85' lang='grc' dir='ltr'><strong>είς</strong></span> <span class='ocrx_word' id='word_1_128' title='bbox 1358 1799 1410 1858; x_wconf 79' lang='grc' dir='ltr'><strong>τόν</strong></span> <span class='ocrx_word' id='word_1_129' title='bbox 1438 1796 1510 1859; x_wconf 81' lang='grc' dir='ltr'><strong>ἐπί-</strong></span> 
     </span>
     <span class='ocr_line' id='line_1_14' title="bbox 288 1894 1513 2002; baseline 0.001 -27"><span class='ocrx_word' id='word_1_130' title='bbox 288 1894 403 1976; x_wconf 84' lang='grc' dir='ltr'><strong>σκοπον</strong></span> <span class='ocrx_word' id='word_1_131' title='bbox 427 1914 543 1976; x_wconf 73' lang='grc' dir='ltr'><strong>ἐκεῖνον</strong></span> <span class='ocrx_word' id='word_1_132' title='bbox 567 1963 697 1980; x_wconf 90' lang='lat'><strong>......</strong></span> <span class='ocrx_word' id='word_1_133' title='bbox 722 1917 837 1980; x_wconf 78' lang='grc' dir='ltr'><strong>ἔδωκεν</strong></span> <span class='ocrx_word' id='word_1_134' title='bbox 861 1913 975 1980; x_wconf 84' lang='grc' dir='ltr'><strong>ἐκεῖνον</strong></span> <span class='ocrx_word' id='word_1_135' title='bbox 998 1915 1041 1988; x_wconf 83' lang='grc' dir='ltr'><strong>είς</strong></span> <span class='ocrx_word' id='word_1_136' title='bbox 1063 1918 1097 1979; x_wconf 84' lang='grc' dir='ltr'><strong>τό</strong></span> <span class='ocrx_word' id='word_1_137' title='bbox 1123 1919 1262 2002; x_wconf 85' lang='grc' dir='ltr'><strong>ρελόνιον</strong></span> <span class='ocrx_word' id='word_1_138' title='bbox 1288 1920 1389 2000; x_wconf 80' lang='grc' dir='ltr'><strong>φέρειν</strong></span> <span class='ocrx_word' id='word_1_139' title='bbox 1411 1936 1513 1977; x_wconf 87' lang='grc' dir='ltr'><strong>στασ-</strong></span> 
     </span>
     <span class='ocr_line' id='line_1_15' title="bbox 287 2030 1512 2119; baseline 0.001 -26"><span class='ocrx_word' id='word_1_140' title='bbox 287 2031 359 2113; x_wconf 82' lang='grc' dir='ltr'><strong>ρούς</strong></span> <span class='ocrx_word' id='word_1_141' title='bbox 375 2035 537 2115; x_wconf 78' lang='grc' dir='ltr'><strong>τέσσαρας,</strong></span> <span class='ocrx_word' id='word_1_142' title='bbox 560 2037 615 2096; x_wconf 85' lang='grc' dir='ltr'><strong>καί</strong></span> <span class='ocrx_word' id='word_1_143' title='bbox 637 2032 696 2098; x_wconf 85' lang='grc' dir='ltr'><strong>ἀπό</strong></span> <span class='ocrx_word' id='word_1_144' title='bbox 720 2038 877 2119; x_wconf 76' lang='grc' dir='ltr'><strong>ζητήσεως</strong></span> <span class='ocrx_word' id='word_1_145' title='bbox 898 2037 952 2096; x_wconf 90' lang='grc' dir='ltr'><strong>καί</strong></span> <span class='ocrx_word' id='word_1_146' title='bbox 972 2035 1197 2118; x_wconf 71' lang='grc' dir='ltr'><strong>παρακλήσεως</strong></span> <span class='ocrx_word' id='word_1_147' title='bbox 1216 2035 1318 2118; x_wconf 77' lang='grc' dir='ltr'><strong>ίδικῆς</strong></span> <span class='ocrx_word' id='word_1_148' title='bbox 1341 2055 1397 2095; x_wconf 90' lang='grc' dir='ltr'><strong>σοσ</strong></span> <span class='ocrx_word' id='word_1_149' title='bbox 1418 2030 1512 2095; x_wconf 80' lang='grc' dir='ltr'><strong>ἐποι-</strong></span> 
     </span>
     <span class='ocr_line' id='line_1_16' title="bbox 285 2147 1512 2238; baseline 0 -26"><span class='ocrx_word' id='word_1_150' title='bbox 285 2152 406 2232; x_wconf 76' lang='grc' dir='ltr'><strong>ήσαμεν</strong></span> <span class='ocrx_word' id='word_1_151' title='bbox 427 2155 480 2212; x_wconf 89' lang='grc' dir='ltr'><strong>καί</strong></span> <span class='ocrx_word' id='word_1_152' title='bbox 501 2147 602 2234; x_wconf 76' lang='grc' dir='ltr'><strong>ἡμεῖς,</strong></span> <span class='ocrx_word' id='word_1_153' title='bbox 629 2150 701 2216; x_wconf 78' lang='grc' dir='ltr'><strong>ὅσον</strong></span> <span class='ocrx_word' id='word_1_154' title='bbox 725 2151 911 2237; x_wconf 78' lang='grc' dir='ltr'><strong>ἐποιήσαμεν</strong></span> <span class='ocrx_word' id='word_1_155' title='bbox 935 2151 978 2223; x_wconf 77' lang='grc' dir='ltr'><strong>εἰς</strong></span> <span class='ocrx_word' id='word_1_156' title='bbox 1000 2159 1046 2226; x_wconf 86' lang='grc' dir='ltr'><strong>σέ,</strong></span> <span class='ocrx_word' id='word_1_157' title='bbox 1070 2152 1215 2238; x_wconf 83' lang='grc' dir='ltr'><strong>ὐρείλεις,</strong></span> <span class='ocrx_word' id='word_1_158' title='bbox 1236 2149 1288 2214; x_wconf 78' lang='grc' dir='ltr'><strong>ἵνα</strong></span> <span class='ocrx_word' id='word_1_159' title='bbox 1311 2148 1512 2235; x_wconf 65' lang='grc' dir='ltr'><strong>εὐχαριστῇς,</strong></span> 
     </span>
     <span class='ocr_line' id='line_1_17' title="bbox 284 2264 1515 2354; baseline 0.002 -25"><span class='ocrx_word' id='word_1_160' title='bbox 284 2271 338 2330; x_wconf 82' lang='grc' dir='ltr'><strong>καί</strong></span> <span class='ocrx_word' id='word_1_161' title='bbox 364 2264 453 2331; x_wconf 85' lang='grc' dir='ltr'><strong>οὐδέν</strong></span> <span class='ocrx_word' id='word_1_162' title='bbox 478 2271 672 2354; x_wconf 72' lang='grc' dir='ltr'><strong>παρεξέλθης</strong></span> <span class='ocrx_word' id='word_1_163' title='bbox 695 2267 754 2334; x_wconf 81' lang='grc' dir='ltr'><strong>ἀπό</strong></span> <span class='ocrx_word' id='word_1_164' title='bbox 770 2275 886 2346; x_wconf 81' lang='grc' dir='ltr'><strong>τοῦτον,</strong></span> <span class='ocrx_word' id='word_1_165' title='bbox 911 2270 991 2334; x_wconf 82' lang='grc' dir='ltr'><strong>ἀλλὰ</strong></span> <span class='ocrx_word' id='word_1_166' title='bbox 1013 2277 1066 2334; x_wconf 84' lang='grc' dir='ltr'><strong>καί</strong></span> <span class='ocrx_word' id='word_1_167' title='bbox 1082 2270 1234 2354; x_wconf 77' lang='grc' dir='ltr'><strong>ἀποδιδῷς</strong></span> <span class='ocrx_word' id='word_1_168' title='bbox 1255 2273 1331 2352; x_wconf 80' lang='grc' dir='ltr'><strong>πρὸς</strong></span> <span class='ocrx_word' id='word_1_169' title='bbox 1347 2279 1455 2332; x_wconf 88' lang='grc' dir='ltr'><strong>τοῦτον</strong></span> <span class='ocrx_word' id='word_1_170' title='bbox 1472 2271 1515 2352; x_wconf 78' lang='grc' dir='ltr'><strong>δὴ</strong></span> 
     </span>
     <span class='ocr_line' id='line_1_18' title="bbox 277 2385 1514 2478; baseline -0.002 -30"><span class='ocrx_word' id='word_1_171' title='bbox 277 2389 339 2448; x_wconf 75' lang='grc' dir='ltr'><strong>’τόν</strong></span> <span class='ocrx_word' id='word_1_172' title='bbox 361 2386 522 2468; x_wconf 80' lang='grc' dir='ltr'><strong>ἱερώτατον</strong></span> <span class='ocrx_word' id='word_1_173' title='bbox 545 2391 767 2474; x_wconf 83' lang='grc' dir='ltr'><strong>μητροπολίτην</strong></span> <span class='ocrx_word' id='word_1_174' title='bbox 791 2411 846 2453; x_wconf 90' lang='grc' dir='ltr'><strong>σοο</strong></span> <span class='ocrx_word' id='word_1_175' title='bbox 873 2393 933 2478; x_wconf 71' lang='grc' dir='ltr'><strong>τέγη</strong></span> <span class='ocrx_word' id='word_1_176' title='bbox 948 2391 984 2474; x_wconf 79' lang='grc' dir='ltr'><strong>ἣν</strong></span> <span class='ocrx_word' id='word_1_177' title='bbox 1008 2391 1092 2473; x_wconf 84' lang='grc' dir='ltr'><strong>έχεις</strong></span> <span class='ocrx_word' id='word_1_178' title='bbox 1114 2393 1195 2454; x_wconf 82' lang='grc' dir='ltr'><strong>κατά</strong></span> <span class='ocrx_word' id='word_1_179' title='bbox 1216 2392 1309 2473; x_wconf 88' lang='grc' dir='ltr'><strong>χρέος</strong></span> <span class='ocrx_word' id='word_1_180' title='bbox 1336 2385 1514 2470; x_wconf 74' lang='grc' dir='ltr'><strong>ὑποταγὴν·</strong></span> 
     </span>
     <span class='ocr_line' id='line_1_19' title="bbox 288 2486 1513 2601; baseline 0 -33"><span class='ocrx_word' id='word_1_181' title='bbox 288 2506 341 2569; x_wconf 78' lang='grc' dir='ltr'><strong>ἐὰν</strong></span> <span class='ocrx_word' id='word_1_182' title='bbox 369 2515 440 2584; x_wconf 86' lang='grc' dir='ltr'><strong>γοῦν</strong></span> <span class='ocrx_word' id='word_1_183' title='bbox 470 2508 574 2588; x_wconf 86' lang='grc' dir='ltr'><strong>βλέπει</strong></span> <span class='ocrx_word' id='word_1_184' title='bbox 605 2513 658 2571; x_wconf 86' lang='grc' dir='ltr'><strong>καί</strong></span> <span class='ocrx_word' id='word_1_185' title='bbox 691 2506 783 2579; x_wconf 81' lang='grc' dir='ltr'><strong>αὐτὸς</strong></span> <span class='ocrx_word' id='word_1_186' title='bbox 806 2511 859 2594; x_wconf 82' lang='grc' dir='ltr'><strong>την</strong></span> <span class='ocrx_word' id='word_1_187' title='bbox 886 2507 950 2593; x_wconf 66' lang='grc' dir='ltr'><strong>’σὴν</strong></span> <span class='ocrx_word' id='word_1_188' title='bbox 979 2505 1210 2593; x_wconf 72' lang='grc' dir='ltr'><strong>εὐγνωμοσύνην</strong></span> <span class='ocrx_word' id='word_1_189' title='bbox 1234 2486 1433 2591; x_wconf 70' lang='grc' dir='ltr'><strong>’χρεοστικῦς</strong></span> <span class='ocrx_word' id='word_1_190' title='bbox 1464 2503 1513 2601; x_wconf 72' lang='grc' dir='ltr'><strong>είς</strong></span> 
     </span>
     <span class='ocr_line' id='line_1_20' title="bbox 287 2623 1514 2712; baseline -0.002 -26"><span class='ocrx_word' id='word_1_191' title='bbox 287 2623 377 2688; x_wconf 85' lang='grc' dir='ltr'><strong>αὐτόν</strong></span> <span class='ocrx_word' id='word_1_192' title='bbox 404 2630 458 2687; x_wconf 82' lang='grc' dir='ltr'><strong>καὶ</strong></span> <span class='ocrx_word' id='word_1_193' title='bbox 486 2629 585 2710; x_wconf 79' lang='grc' dir='ltr'><strong>καλὴν</strong></span> <span class='ocrx_word' id='word_1_194' title='bbox 612 2633 665 2690; x_wconf 83' lang='grc' dir='ltr'><strong>καί</strong></span> <span class='ocrx_word' id='word_1_195' title='bbox 692 2625 790 2712; x_wconf 69' lang='grc' dir='ltr'><strong>ὀρθὴν</strong></span> <span class='ocrx_word' id='word_1_196' title='bbox 813 2627 949 2702; x_wconf 86' lang='grc' dir='ltr'><strong>εὐνοιαν,</strong></span> <span class='ocrx_word' id='word_1_197' title='bbox 978 2628 1083 2710; x_wconf 77' lang='grc' dir='ltr'><strong>μέλλει</strong></span> <span class='ocrx_word' id='word_1_198' title='bbox 1109 2627 1257 2689; x_wconf 84' lang='grc' dir='ltr'><strong>δεικνύειν</strong></span> <span class='ocrx_word' id='word_1_199' title='bbox 1279 2625 1428 2706; x_wconf 77' lang='grc' dir='ltr'><strong>πατρικὴν</strong></span> <span class='ocrx_word' id='word_1_200' title='bbox 1449 2627 1514 2686; x_wconf 81' lang='grc' dir='ltr'><strong>καί</strong></span> 
     </span>
     <span class='ocr_line' id='line_1_21' title="bbox 290 2740 1515 2831; baseline 0 -27"><span class='ocrx_word' id='word_1_201' title='bbox 290 2741 481 2826; x_wconf 78' lang='grc' dir='ltr'><strong>ἀγάπητικὴν</strong></span> <span class='ocrx_word' id='word_1_202' title='bbox 508 2740 667 2826; x_wconf 85' lang='grc' dir='ltr'><strong>εὐμένειαν</strong></span> <span class='ocrx_word' id='word_1_203' title='bbox 693 2746 736 2817; x_wconf 82' lang='grc' dir='ltr'><strong>τίς·</strong></span> <span class='ocrx_word' id='word_1_204' title='bbox 764 2749 818 2829; x_wconf 75' lang='grc' dir='ltr'><strong>την</strong></span> <span class='ocrx_word' id='word_1_205' title='bbox 844 2749 1022 2831; x_wconf 76' lang='grc' dir='ltr'><strong>θεοφιλείαν</strong></span> <span class='ocrx_word' id='word_1_206' title='bbox 1048 2765 1118 2808; x_wconf 82' lang='grc' dir='ltr'><strong>σου·</strong></span> <span class='ocrx_word' id='word_1_207' title='bbox 1146 2743 1232 2816; x_wconf 82' lang='grc' dir='ltr'><strong>οἶδας</strong></span> <span class='ocrx_word' id='word_1_208' title='bbox 1253 2744 1302 2815; x_wconf 78' lang='grc' dir='ltr'><strong>δέ,</strong></span> <span class='ocrx_word' id='word_1_209' title='bbox 1330 2741 1377 2805; x_wconf 76' lang='grc' dir='ltr'><strong>ὅτι</strong></span> <span class='ocrx_word' id='word_1_210' title='bbox 1397 2741 1452 2804; x_wconf 85' lang='grc' dir='ltr'><strong>καὶ</strong></span> <span class='ocrx_word' id='word_1_211' title='bbox 1479 2741 1515 2804; x_wconf 80' lang='grc' dir='ltr'><strong>αἱ</strong></span> 
     </span>
     <span class='ocr_line' id='line_1_22' title="bbox 287 2859 1514 2949; baseline 0 -26"><span class='ocrx_word' id='word_1_212' title='bbox 287 2867 403 2947; x_wconf 69' lang='grc' dir='ltr'><strong>γραφαί</strong></span> <span class='ocrx_word' id='word_1_213' title='bbox 425 2872 479 2945; x_wconf 77' lang='grc' dir='ltr'><strong>τῆς</strong></span> <span class='ocrx_word' id='word_1_214' title='bbox 499 2859 585 2946; x_wconf 78' lang='grc' dir='ltr'><strong>ἡμῶν</strong></span> <span class='ocrx_word' id='word_1_215' title='bbox 613 2869 817 2949; x_wconf 80' lang='grc' dir='ltr'><strong>μετριότητος,</strong></span> <span class='ocrx_word' id='word_1_216' title='bbox 841 2864 953 2937; x_wconf 79' lang='grc' dir='ltr'><strong>αἵτινες</strong></span> <span class='ocrx_word' id='word_1_217' title='bbox 974 2865 1235 2947; x_wconf 84' lang='grc' dir='ltr'><strong>προαπελόθησαν</strong></span> <span class='ocrx_word' id='word_1_218' title='bbox 1258 2861 1300 2932; x_wconf 80' lang='grc' dir='ltr'><strong>τίς</strong></span> <span class='ocrx_word' id='word_1_219' title='bbox 1323 2869 1427 2934; x_wconf 88' lang='grc' dir='ltr'><strong>τοῦτο,</strong></span> <span class='ocrx_word' id='word_1_220' title='bbox 1454 2861 1514 2923; x_wconf 74' lang='grc' dir='ltr'><strong>διὰ</strong></span> 
     </span>
     <span class='ocr_line' id='line_1_23' title="bbox 288 2977 1516 3068; baseline -0.001 -27"><span class='ocrx_word' id='word_1_221' title='bbox 288 2981 391 3066; x_wconf 76' lang='grc' dir='ltr'><strong>ριλίαν</strong></span> <span class='ocrx_word' id='word_1_222' title='bbox 417 2983 470 3064; x_wconf 80' lang='grc' dir='ltr'><strong>την</strong></span> <span class='ocrx_word' id='word_1_223' title='bbox 497 2985 572 3064; x_wconf 74' lang='grc' dir='ltr'><strong>πρὸς</strong></span> <span class='ocrx_word' id='word_1_224' title='bbox 600 2987 633 3045; x_wconf 84' lang='grc' dir='ltr'><strong>σέ</strong></span> <span class='ocrx_word' id='word_1_225' title='bbox 662 2981 817 3060; x_wconf 87' lang='grc' dir='ltr'><strong>ἐγένοντο,</strong></span> <span class='ocrx_word' id='word_1_226' title='bbox 848 2985 926 3068; x_wconf 81' lang='grc' dir='ltr'><strong>πλην</strong></span> <span class='ocrx_word' id='word_1_227' title='bbox 958 2980 1053 3054; x_wconf 82' lang='grc' dir='ltr'><strong>αὐτας</strong></span> <span class='ocrx_word' id='word_1_228' title='bbox 1077 2982 1128 3046; x_wconf 80' lang='grc' dir='ltr'><strong>ἵνα</strong></span> <span class='ocrx_word' id='word_1_229' title='bbox 1155 2977 1242 3044; x_wconf 87' lang='grc' dir='ltr'><strong>οὐδέν</strong></span> <span class='ocrx_word' id='word_1_230' title='bbox 1274 2983 1447 3064; x_wconf 73' lang='grc' dir='ltr'><strong>θαρρήσηςι</strong></span> <span class='ocrx_word' id='word_1_231' title='bbox 1465 2979 1516 3051; x_wconf 83' lang='grc' dir='ltr'><strong>είς</strong></span> 
     </span>
     <span class='ocr_line' id='line_1_24' title="bbox 289 3099 1516 3200; baseline 0 -40"><span class='ocrx_word' id='word_1_232' title='bbox 289 3108 378 3161; x_wconf 81' lang='grc' dir='ltr'><strong>τοῦτο</strong></span> <span class='ocrx_word' id='word_1_233' title='bbox 400 3104 455 3162; x_wconf 84' lang='grc' dir='ltr'><strong>καί</strong></span> <span class='ocrx_word' id='word_1_234' title='bbox 477 3099 625 3182; x_wconf 79' lang='grc' dir='ltr'><strong>είσέλθης</strong></span> <span class='ocrx_word' id='word_1_235' title='bbox 647 3099 689 3171; x_wconf 77' lang='grc' dir='ltr'><strong>εἰς</strong></span> <span class='ocrx_word' id='word_1_236' title='bbox 708 3107 860 3196; x_wconf 82' lang='grc' dir='ltr'><strong>πρόρασίν</strong></span> <span class='ocrx_word' id='word_1_237' title='bbox 887 3123 953 3165; x_wconf 91' lang='grc' dir='ltr'><strong>τινα</strong></span> <span class='ocrx_word' id='word_1_238' title='bbox 983 3101 1141 3176; x_wconf 77' lang='grc' dir='ltr'><strong>ἐντεῦθεν,</strong></span> <span class='ocrx_word' id='word_1_239' title='bbox 1168 3103 1222 3162; x_wconf 82' lang='grc' dir='ltr'><strong>καὶ</strong></span> <span class='ocrx_word' id='word_1_240' title='bbox 1248 3103 1384 3200; x_wconf 81' lang='grc' dir='ltr'><strong>ποιήσης</strong></span> <span class='ocrx_word' id='word_1_241' title='bbox 1407 3103 1516 3160; x_wconf 83' lang='grc' dir='ltr'><strong>τίποτε</strong></span> 
     </span>
     <span class='ocr_line' id='line_1_25' title="bbox 286 3217 1512 3305; baseline 0 -26"><span class='ocrx_word' id='word_1_242' title='bbox 286 3221 535 3302; x_wconf 79' lang='grc' dir='ltr'><strong>περιφρονητικόν</strong></span> <span class='ocrx_word' id='word_1_243' title='bbox 558 3218 602 3290; x_wconf 85' lang='grc' dir='ltr'><strong>είς</strong></span> <span class='ocrx_word' id='word_1_244' title='bbox 624 3221 675 3281; x_wconf 87' lang='grc' dir='ltr'><strong>τόν</strong></span> <span class='ocrx_word' id='word_1_245' title='bbox 698 3223 921 3305; x_wconf 84' lang='grc' dir='ltr'><strong>μητροπολίτην</strong></span> <span class='ocrx_word' id='word_1_246' title='bbox 943 3243 1008 3296; x_wconf 88' lang='grc' dir='ltr'><strong>σοο,</strong></span> <span class='ocrx_word' id='word_1_247' title='bbox 1032 3219 1114 3283; x_wconf 82' lang='grc' dir='ltr'><strong>ἀλλὰ</strong></span> <span class='ocrx_word' id='word_1_248' title='bbox 1137 3217 1189 3282; x_wconf 83' lang='grc' dir='ltr'><strong>ἵνα</strong></span> <span class='ocrx_word' id='word_1_249' title='bbox 1215 3223 1345 3301; x_wconf 82' lang='grc' dir='ltr'><strong>στέργῃς</strong></span> <span class='ocrx_word' id='word_1_250' title='bbox 1372 3220 1426 3300; x_wconf 79' lang='grc' dir='ltr'><strong>μέν</strong></span> <span class='ocrx_word' id='word_1_251' title='bbox 1451 3223 1512 3279; x_wconf 82' lang='grc' dir='ltr'><strong>καί</strong></span> 
     </span>
     <span class='ocr_line' id='line_1_26' title="bbox 287 3333 1513 3422; baseline -0.001 -25"><span class='ocrx_word' id='word_1_252' title='bbox 287 3335 332 3406; x_wconf 81' lang='grc' dir='ltr'><strong>τίς</strong></span> <span class='ocrx_word' id='word_1_253' title='bbox 355 3333 453 3397; x_wconf 82' lang='grc' dir='ltr'><strong>ἐκεῖνο</strong></span> <span class='ocrx_word' id='word_1_254' title='bbox 480 3335 692 3420; x_wconf 74' lang='grc' dir='ltr'><strong>ἀμεταθέτως,</strong></span> <span class='ocrx_word' id='word_1_255' title='bbox 721 3335 874 3422; x_wconf 69' lang='grc' dir='ltr'><strong>ἀποδιδῷς</strong></span> <span class='ocrx_word' id='word_1_256' title='bbox 900 3339 934 3401; x_wconf 88' lang='grc' dir='ltr'><strong>δέ</strong></span> <span class='ocrx_word' id='word_1_257' title='bbox 961 3337 1015 3401; x_wconf 88' lang='grc' dir='ltr'><strong>καὶ</strong></span> <span class='ocrx_word' id='word_1_258' title='bbox 1039 3341 1115 3422; x_wconf 83' lang='grc' dir='ltr'><strong>πρός</strong></span> <span class='ocrx_word' id='word_1_259' title='bbox 1141 3340 1192 3400; x_wconf 84' lang='grc' dir='ltr'><strong>τόν</strong></span> <span class='ocrx_word' id='word_1_260' title='bbox 1223 3343 1359 3399; x_wconf 86' lang='grc' dir='ltr'><strong>τοιοῦτον</strong></span> <span class='ocrx_word' id='word_1_261' title='bbox 1382 3334 1513 3418; x_wconf 77' lang='grc' dir='ltr'><strong>ἱερότα·</strong></span> 
     </span>
     <span class='ocr_line' id='line_1_27' title="bbox 288 3439 1515 3541; baseline 0 -25"><span class='ocrx_word' id='word_1_262' title='bbox 288 3475 341 3516; x_wconf 91' lang='grc' dir='ltr'><strong>τον</strong></span> <span class='ocrx_word' id='word_1_263' title='bbox 368 3457 590 3541; x_wconf 83' lang='grc' dir='ltr'><strong>μητροπολίτην</strong></span> <span class='ocrx_word' id='word_1_264' title='bbox 620 3457 740 3537; x_wconf 82' lang='grc' dir='ltr'><strong>Κυέβοο</strong></span> <span class='ocrx_word' id='word_1_265' title='bbox 761 3462 816 3520; x_wconf 84' lang='grc' dir='ltr'><strong>καί</strong></span> <span class='ocrx_word' id='word_1_266' title='bbox 837 3463 938 3540; x_wconf 81' lang='grc' dir='ltr'><strong>πάσης</strong></span> <span class='ocrx_word' id='word_1_267' title='bbox 959 3454 1089 3528; x_wconf 85' lang='grc' dir='ltr'><strong>Ῥωσίας</strong></span> <span class='ocrx_word' id='word_1_268' title='bbox 1110 3457 1164 3539; x_wconf 77' lang='grc' dir='ltr'><strong>τήν</strong></span> <span class='ocrx_word' id='word_1_269' title='bbox 1186 3439 1452 3538; x_wconf 74' lang='grc' dir='ltr'><strong>χρειοστοομένην,</strong></span> <span class='ocrx_word' id='word_1_270' title='bbox 1467 3453 1515 3525; x_wconf 74' lang='grc' dir='ltr'><strong>ὥς</strong></span> 
     </span>
     <span class='ocr_line' id='line_1_28' title="bbox 292 3569 1515 3659; baseline -0.002 -23"><span class='ocrx_word' id='word_1_271' title='bbox 292 3573 422 3657; x_wconf 81' lang='grc' dir='ltr'><strong>εἴρηται,</strong></span> <span class='ocrx_word' id='word_1_272' title='bbox 446 3569 620 3636; x_wconf 74' lang='grc' dir='ltr'><strong>εὐπείθειαν</strong></span> <span class='ocrx_word' id='word_1_273' title='bbox 646 3577 700 3636; x_wconf 86' lang='grc' dir='ltr'><strong>καί</strong></span> <span class='ocrx_word' id='word_1_274' title='bbox 725 3569 879 3659; x_wconf 80' lang='grc' dir='ltr'><strong>ὑποταγὴν</strong></span> <span class='ocrx_word' id='word_1_275' title='bbox 902 3579 955 3638; x_wconf 87' lang='grc' dir='ltr'><strong>καὶ</strong></span> <span class='ocrx_word' id='word_1_276' title='bbox 977 3575 1080 3658; x_wconf 74' lang='grc' dir='ltr'><strong>τιμὴν,</strong></span> <span class='ocrx_word' id='word_1_277' title='bbox 1107 3571 1217 3644; x_wconf 82' lang='grc' dir='ltr'><strong>καθώς</strong></span> <span class='ocrx_word' id='word_1_278' title='bbox 1243 3595 1276 3635; x_wconf 88' lang='grc' dir='ltr'><strong>τε</strong></span> <span class='ocrx_word' id='word_1_279' title='bbox 1305 3571 1333 3634; x_wconf 85' lang='grc' dir='ltr'><strong>οί</strong></span> <span class='ocrx_word' id='word_1_280' title='bbox 1355 3575 1436 3640; x_wconf 81' lang='grc' dir='ltr'><strong>θεῖοι</strong></span> <span class='ocrx_word' id='word_1_281' title='bbox 1457 3577 1515 3634; x_wconf 79' lang='grc' dir='ltr'><strong>καί</strong></span> 
     </span>
     <span class='ocr_line' id='line_1_29' title="bbox 290 3689 1509 3776; baseline -0.001 -22"><span class='ocrx_word' id='word_1_282' title='bbox 290 3692 366 3774; x_wconf 82' lang='grc' dir='ltr'><strong>ἱεροὶ</strong></span> <span class='ocrx_word' id='word_1_283' title='bbox 381 3697 508 3764; x_wconf 75' lang='grc' dir='ltr'><strong>κανόνες</strong></span> <span class='ocrx_word' id='word_1_284' title='bbox 524 3695 794 3776; x_wconf 77' lang='grc' dir='ltr'><strong>παρακελεύονται,</strong></span> <span class='ocrx_word' id='word_1_285' title='bbox 807 3701 861 3756; x_wconf 84' lang='grc' dir='ltr'><strong>καί</strong></span> <span class='ocrx_word' id='word_1_286' title='bbox 884 3697 993 3766; x_wconf 73' lang='grc' dir='ltr'><strong>καθὼς</strong></span> <span class='ocrx_word' id='word_1_287' title='bbox 1016 3693 1179 3758; x_wconf 81' lang='grc' dir='ltr'><strong>ἀπεδίδοον</strong></span> <span class='ocrx_word' id='word_1_288' title='bbox 1202 3689 1296 3775; x_wconf 76' lang='grc' dir='ltr'><strong>αὐτὴν</strong></span> <span class='ocrx_word' id='word_1_289' title='bbox 1310 3697 1364 3754; x_wconf 85' lang='grc' dir='ltr'><strong>καί</strong></span> <span class='ocrx_word' id='word_1_290' title='bbox 1380 3689 1410 3753; x_wconf 82' lang='grc' dir='ltr'><strong>οἱ</strong></span> <span class='ocrx_word' id='word_1_291' title='bbox 1430 3695 1509 3774; x_wconf 85' lang='grc' dir='ltr'><strong>πρό-</strong></span> 
     </span>
     <span class='ocr_line' id='line_1_30' title="bbox 291 3808 1513 3896; baseline 0.001 -25"><span class='ocrx_word' id='word_1_292' title='bbox 291 3831 376 3892; x_wconf 84' lang='grc' dir='ltr'><strong>τερον</strong></span> <span class='ocrx_word' id='word_1_293' title='bbox 399 3808 558 3874; x_wconf 86' lang='grc' dir='ltr'><strong>ἐπίσκοποι</strong></span> <span class='ocrx_word' id='word_1_294' title='bbox 574 3811 617 3882; x_wconf 84' lang='grc' dir='ltr'><strong>είς</strong></span> <span class='ocrx_word' id='word_1_295' title='bbox 639 3813 710 3884; x_wconf 87' lang='grc' dir='ltr'><strong>τούς</strong></span> <span class='ocrx_word' id='word_1_296' title='bbox 731 3815 834 3896; x_wconf 81' lang='grc' dir='ltr'><strong>πρώην</strong></span> <span class='ocrx_word' id='word_1_297' title='bbox 857 3813 1080 3896; x_wconf 83' lang='grc' dir='ltr'><strong>μητροπολίτας</strong></span> <span class='ocrx_word' id='word_1_298' title='bbox 1104 3809 1214 3874; x_wconf 82' lang='grc' dir='ltr'><strong>αὐτῶν·</strong></span> <span class='ocrx_word' id='word_1_299' title='bbox 1239 3812 1292 3874; x_wconf 82' lang='grc' dir='ltr'><strong>ἐὰν</strong></span> <span class='ocrx_word' id='word_1_300' title='bbox 1314 3809 1349 3871; x_wconf 87' lang='grc' dir='ltr'><strong>δέ</strong></span> <span class='ocrx_word' id='word_1_301' title='bbox 1368 3809 1443 3880; x_wconf 80' lang='grc' dir='ltr'><strong>ἴσοις</strong></span> <span class='ocrx_word' id='word_1_302' title='bbox 1465 3809 1513 3872; x_wconf 72' lang='grc' dir='ltr'><strong>ἔνι</strong></span> 
     </span>
     <span class='ocr_line' id='line_1_31' title="bbox 292 3925 1513 4016; baseline 0 -26"><span class='ocrx_word' id='word_1_303' title='bbox 292 3951 338 3999; x_wconf 91' lang='grc' dir='ltr'><strong>τις</strong></span> <span class='ocrx_word' id='word_1_304' title='bbox 360 3931 453 4004; x_wconf 82' lang='grc' dir='ltr'><strong>λόγος</strong></span> <span class='ocrx_word' id='word_1_305' title='bbox 476 3935 565 4012; x_wconf 90' lang='grc' dir='ltr'><strong>χάριν</strong></span> <span class='ocrx_word' id='word_1_306' title='bbox 591 3939 644 3993; x_wconf 87' lang='grc' dir='ltr'><strong>τοῦ</strong></span> <span class='ocrx_word' id='word_1_307' title='bbox 664 3929 737 4014; x_wconf 79' lang='grc' dir='ltr'><strong>ὅπερ</strong></span> <span class='ocrx_word' id='word_1_308' title='bbox 759 3931 947 4016; x_wconf 78' lang='grc' dir='ltr'><strong>ἐποιήσαμεν</strong></span> <span class='ocrx_word' id='word_1_309' title='bbox 975 3931 1018 4002; x_wconf 86' lang='grc' dir='ltr'><strong>είς</strong></span> <span class='ocrx_word' id='word_1_310' title='bbox 1046 3935 1080 3994; x_wconf 84' lang='grc' dir='ltr'><strong>σέ</strong></span> <span class='ocrx_word' id='word_1_311' title='bbox 1107 3930 1159 3992; x_wconf 85' lang='grc' dir='ltr'><strong>διὰ</strong></span> <span class='ocrx_word' id='word_1_312' title='bbox 1185 3929 1254 4000; x_wconf 84' lang='grc' dir='ltr'><strong>τούς</strong></span> <span class='ocrx_word' id='word_1_313' title='bbox 1282 3927 1442 4008; x_wconf 79' lang='grc' dir='ltr'><strong>σταοροῦς,</strong></span> <span class='ocrx_word' id='word_1_314' title='bbox 1468 3925 1513 3999; x_wconf 73' lang='grc' dir='ltr'><strong>ὣς</strong></span> 
     </span>
     <span class='ocr_line' id='line_1_32' title="bbox 291 4045 1513 4133; baseline 0 -25"><span class='ocrx_word' id='word_1_315' title='bbox 291 4046 476 4129; x_wconf 79' lang='grc' dir='ltr'><strong>δεδήλωται,</strong></span> <span class='ocrx_word' id='word_1_316' title='bbox 508 4046 577 4130; x_wconf 83' lang='grc' dir='ltr'><strong>περὶ</strong></span> <span class='ocrx_word' id='word_1_317' title='bbox 602 4051 713 4132; x_wconf 82' lang='grc' dir='ltr'><strong>ταύτης</strong></span> <span class='ocrx_word' id='word_1_318' title='bbox 734 4054 789 4112; x_wconf 81' lang='grc' dir='ltr'><strong>καί</strong></span> <span class='ocrx_word' id='word_1_319' title='bbox 813 4053 907 4133; x_wconf 88' lang='grc' dir='ltr'><strong>μόνης</strong></span> <span class='ocrx_word' id='word_1_320' title='bbox 929 4057 983 4132; x_wconf 79' lang='grc' dir='ltr'><strong>τῆς</strong></span> <span class='ocrx_word' id='word_1_321' title='bbox 1007 4046 1183 4118; x_wconf 82' lang='grc' dir='ltr'><strong>ἀποθέσεως</strong></span> <span class='ocrx_word' id='word_1_322' title='bbox 1209 4045 1364 4130; x_wconf 82' lang='grc' dir='ltr'><strong>ἀναρέμης</strong></span> <span class='ocrx_word' id='word_1_323' title='bbox 1391 4046 1434 4118; x_wconf 82' lang='grc' dir='ltr'><strong>τίς</strong></span> <span class='ocrx_word' id='word_1_324' title='bbox 1456 4047 1513 4129; x_wconf 73' lang='grc' dir='ltr'><strong>την</strong></span> 
     </span>
     <span class='ocr_line' id='line_1_33' title="bbox 291 4163 1513 4251; baseline 0.001 -25"><span class='ocrx_word' id='word_1_325' title='bbox 291 4163 378 4248; x_wconf 74' lang='grc' dir='ltr'><strong>ἡμῶν</strong></span> <span class='ocrx_word' id='word_1_326' title='bbox 405 4171 598 4250; x_wconf 86' lang='grc' dir='ltr'><strong>μετριότητα,</strong></span> <span class='ocrx_word' id='word_1_327' title='bbox 626 4165 667 4240; x_wconf 76' lang='grc' dir='ltr'><strong>ὡς</strong></span> <span class='ocrx_word' id='word_1_328' title='bbox 695 4166 732 4230; x_wconf 79' lang='grc' dir='ltr'><strong>ἂν</strong></span> <span class='ocrx_word' id='word_1_329' title='bbox 758 4169 960 4251; x_wconf 73' lang='grc' dir='ltr'><strong>διαπράξηται</strong></span> <span class='ocrx_word' id='word_1_330' title='bbox 987 4165 1080 4251; x_wconf 75' lang='grc' dir='ltr'><strong>αὕτη,</strong></span> <span class='ocrx_word' id='word_1_331' title='bbox 1107 4165 1179 4230; x_wconf 82' lang='grc' dir='ltr'><strong>ὅσον</strong></span> <span class='ocrx_word' id='word_1_332' title='bbox 1207 4164 1243 4230; x_wconf 83' lang='grc' dir='ltr'><strong>ἂν</strong></span> <span class='ocrx_word' id='word_1_333' title='bbox 1270 4165 1419 4247; x_wconf 76' lang='grc' dir='ltr'><strong>διακρίνοι</strong></span> <span class='ocrx_word' id='word_1_334' title='bbox 1446 4171 1513 4248; x_wconf 77' lang='grc' dir='ltr'><strong>περὶ</strong></span> 
     </span>
     <span class='ocr_line' id='line_1_34' title="bbox 294 4267 1514 4370; baseline -0.002 -22"><span class='ocrx_word' id='word_1_335' title='bbox 294 4286 413 4348; x_wconf 76' lang='grc' dir='ltr'><strong>τούτου·</strong></span> <span class='ocrx_word' id='word_1_336' title='bbox 445 4285 521 4367; x_wconf 76' lang='grc' dir='ltr'><strong>πλὴν</strong></span> <span class='ocrx_word' id='word_1_337' title='bbox 546 4270 588 4356; x_wconf 76' lang='grc' dir='ltr'><strong>τίς</strong></span> <span class='ocrx_word' id='word_1_338' title='bbox 611 4295 699 4349; x_wconf 91' lang='grc' dir='ltr'><strong>τοῦτο</strong></span> <span class='ocrx_word' id='word_1_339' title='bbox 725 4291 779 4349; x_wconf 84' lang='grc' dir='ltr'><strong>καί</strong></span> <span class='ocrx_word' id='word_1_340' title='bbox 806 4291 899 4370; x_wconf 85' lang='grc' dir='ltr'><strong>μόνον</strong></span> <span class='ocrx_word' id='word_1_341' title='bbox 927 4289 960 4349; x_wconf 85' lang='grc' dir='ltr'><strong>τά</strong></span> <span class='ocrx_word' id='word_1_342' title='bbox 987 4287 1156 4370; x_wconf 76' lang='grc' dir='ltr'><strong>κεφάλαιον</strong></span> <span class='ocrx_word' id='word_1_343' title='bbox 1189 4267 1312 4367; x_wconf 74' lang='grc' dir='ltr'><strong>δίδομεν</strong></span> <span class='ocrx_word' id='word_1_344' title='bbox 1338 4293 1442 4354; x_wconf 87' lang='grc' dir='ltr'><strong>τοῦτο,</strong></span> <span class='ocrx_word' id='word_1_345' title='bbox 1470 4283 1514 4354; x_wconf 79' lang='grc' dir='ltr'><strong>τίς</strong></span> 
     </span>
     <span class='ocr_line' id='line_1_35' title="bbox 295 4401 1514 4488; baseline -0.001 -21"><span class='ocrx_word' id='word_1_346' title='bbox 295 4405 329 4467; x_wconf 80' lang='grc' dir='ltr'><strong>δέ</strong></span> <span class='ocrx_word' id='word_1_347' title='bbox 356 4414 457 4468; x_wconf 78' lang='grc' dir='ltr'><strong>πᾶσαν</strong></span> <span class='ocrx_word' id='word_1_348' title='bbox 489 4403 585 4488; x_wconf 82' lang='grc' dir='ltr'><strong>ἀλλην</strong></span> <span class='ocrx_word' id='word_1_349' title='bbox 612 4401 770 4480; x_wconf 79' lang='grc' dir='ltr'><strong>ἀπόθεσιν,</strong></span> <span class='ocrx_word' id='word_1_350' title='bbox 793 4405 852 4468; x_wconf 80' lang='grc' dir='ltr'><strong>εἴτε</strong></span> <span class='ocrx_word' id='word_1_351' title='bbox 879 4409 956 4488; x_wconf 79' lang='grc' dir='ltr'><strong>δῆτα</strong></span> <span class='ocrx_word' id='word_1_352' title='bbox 984 4405 1200 4488; x_wconf 80' lang='grc' dir='ltr'><strong>προσκαλεῖται</strong></span> <span class='ocrx_word' id='word_1_353' title='bbox 1228 4407 1262 4466; x_wconf 84' lang='grc' dir='ltr'><strong>σέ</strong></span> <span class='ocrx_word' id='word_1_354' title='bbox 1290 4403 1331 4474; x_wconf 83' lang='grc' dir='ltr'><strong>τίς</strong></span> <span class='ocrx_word' id='word_1_355' title='bbox 1358 4403 1467 4466; x_wconf 86' lang='grc' dir='ltr'><strong>έαστόν</strong></span> <span class='ocrx_word' id='word_1_356' title='bbox 1495 4401 1514 4466; x_wconf 82' lang='grc' dir='ltr'><strong>δ</strong></span> 
     </span>
    </p>
   </div>
   <div class='ocr_carea' id='block_1_5' title="bbox 292 4509 1516 4606">
    <p class='ocr_par' dir='ltr' id='par_1_5' title="bbox 292 4509 1516 4606">
     <span class='ocr_line' id='line_1_36' title="bbox 292 4509 1516 4606; baseline 0.001 -23"><span class='ocrx_word' id='word_1_357' title='bbox 292 4523 513 4606; x_wconf 79' lang='grc' dir='ltr'><strong>μητροπολίτης</strong></span> <span class='ocrx_word' id='word_1_358' title='bbox 542 4543 609 4598; x_wconf 79' lang='grc' dir='ltr'><strong>σον,</strong></span> <span class='ocrx_word' id='word_1_359' title='bbox 638 4523 696 4586; x_wconf 83' lang='grc' dir='ltr'><strong>εἴτε</strong></span> <span class='ocrx_word' id='word_1_360' title='bbox 726 4524 767 4597; x_wconf 86' lang='grc' dir='ltr'><strong>είς</strong></span> <span class='ocrx_word' id='word_1_361' title='bbox 790 4524 867 4588; x_wconf 75' lang='grc' dir='ltr'><strong>ἄλλο</strong></span> <span class='ocrx_word' id='word_1_362' title='bbox 890 4541 926 4596; x_wconf 68' lang='grc' dir='ltr'><strong>τι,</strong></span> <span class='ocrx_word' id='word_1_363' title='bbox 949 4523 998 4586; x_wconf 78' lang='grc' dir='ltr'><strong>ἵνα</strong></span> <span class='ocrx_word' id='word_1_364' title='bbox 1025 4509 1185 4587; x_wconf 82' lang='grc' dir='ltr'><strong>ὐπόκεισαι</strong></span> <span class='ocrx_word' id='word_1_365' title='bbox 1213 4524 1255 4595; x_wconf 85' lang='grc' dir='ltr'><strong>τίς</strong></span> <span class='ocrx_word' id='word_1_366' title='bbox 1283 4523 1335 4606; x_wconf 71' lang='grc' dir='ltr'><strong>τὴν</strong></span> <span class='ocrx_word' id='word_1_367' title='bbox 1359 4519 1516 4605; x_wconf 72' lang='grc' dir='ltr'><strong>ὑποταγὴν</strong></span> 
     </span>
    </p>
   </div>
   <div class='ocr_carea' id='block_1_6' title="bbox 0 0 1639 5276">
    <p class='ocr_par' dir='ltr' id='par_1_6' title="bbox 0 0 1639 5276">
     <span class='ocr_line' id='line_1_37' title="bbox 0 0 1639 5276; baseline 0 0"><span class='ocrx_word' id='word_1_368' title='bbox 0 0 1639 5276; x_wconf 95' lang='lat' dir='ltr'><strong> </strong></span> 
     </span>
    </p>
   </div>
  </div>
 </body>
</html>
