3314 5266
324 311 386 374 554

325 495 447 581 ίχδραν
469 497 500 560 όν
522 509 559 582 τη
583 503 674 583 σαρκί
696 496 789 562 αότοιῖ
810 501 865 562 καὶ
886 501 920 562 τό
943 501 1124 582 μεσότοιχον
1140 507 1192 562 τοῦ
1208 507 1348 585 ρραγμοιῖ
1364 498 1539 584 διακόψαν-

324 636 386 691 τος,
417 620 472 679 καί
504 615 603 702 ἐδόθη
636 627 702 688 ταῖς
724 615 904 702 ἐκκλησίαις
927 615 1042 716 εἰρήνη,
1073 615 1149 702 ήνδ
1182 618 1332 702 δεσπότης
1353 615 1539 702 Χριστός,ή
1650 629 1651 638 ’

323 729 513 818 αότοειρήνη,
536 732 584 796 ἐπί
605 737 639 796 τό
662 733 801 797 δκοόσιον
834 733 999 820 ἐρχόμενος
1020 737 1124 807 πάθος
1144 739 1198 800 καί
1229 738 1280 798 τόν
1303 738 1441 818 σταυρόν,
1476 747 1539 828 τοῖς

322 849 412 922 ὶδίοις
435 847 528 914 αότοιῖ
551 855 706 936 μαθηταῖς
728 850 828 936 ὥσπερ
853 857 920 916 τινὰ
951 853 1065 938 κλῆρον
1097 856 1244 936 πατρικόν
1275 854 1450 917 κατίλιπεν·
1483 860 1540 918 καί

322 964 490 1053 ήνόθησαν
512 967 544 1032 αί
565 971 768 1054 μητροπόλεις
791 967 882 1034 αόται
903 983 941 1056 τη
956 973 1085 1062 μεγάλη
1111 976 1166 1036 καί
1190 973 1350 1056 καθυλικῇ
1373 970 1540 1056 ἐκκλησία,

199 1175 200 1178 ¹
322 1085 521 1171 ἀπολαβοόση
543 1089 634 1150 πάλιν
656 1091 694 1150 τὰ
716 1086 835 1173 ίαυτής,
859 1086 935 1173 άπερ
951 1086 1105 1174 ἐστερήθη
1125 1089 1184 1174 πρό
1206 1093 1347 1174 χρόνιον,.
1357 1094 1413 1154 καί
1428 1089 1539 1165 όδεξά·

322 1206 406 1286 μῑθα
428 1205 499 1277 ⁸013<
521 1203 673 1289 ἀρχιερεῖς
696 1203 794 1270 αότιῑιν
816 1205 858 1278 είς
879 1211 1048 1283 κοινωνίαν,
1070 1203 1193 1290 ότίρους
1214 1208 1250 1270 δό
1271 1211 1326 1270 καί
1340 1205 1540 1290 ἐχειροτονή-
1650 1215 1651 1234 ³

321 1342 426 1404 σαμεν,
459 1327 513 1386 καί
534 1327 658 1400 γίγυνεν
679 1322 786 1396 ίνοισις
817 1329 871 1387 καί
894 1323 1154 1402 ἀποκατάστασις,
1177 1324 1219 1398 τός
1240 1329 1275 1389 τό
1297 1328 1451 1410 πρότερον.
1485 1327 1542 1390 διά
1650 1303 1651 1324 ³

320 1449 415 1502 ταῦτα
448 1442 735 1526 συνδιασκεήαμίνη
757 1438 777 1527 ή
801 1446 959 1526 μετριότης
979 1439 1067 1527 ήμῶν
1087 1455 1124 1528 τή
1156 1447 1224 1527 περί
1255 1439 1348 1529 αότήν
1382 1443 1453 1527 ἱερή
1485 1449 1542 1509 καί
1649 1503 1651 1530 ,

320 1559 440 1642 μεγάλη
474 1559 591 1641 συνόδῳ
623 1569 681 1622 τῶν
704 1557 871 1644 ἱερατάτειν
894 1557 1060 1644 ἀρχιερόειν
1091 1566 1146 1626 καί
1170 1557 1336 1646 όπερτίμαν
1373 1566 1408 1626 τό
1439 1567 1540 1647 παρόν

321 1675 446 1739 ἀπολύει
468 1677 626 1740 συνοδικόν
649 1679 840 1756 σιγιλλιεῖδες
861 1684 999 1763 γράμμα,
1030 1677 1070 1742 δι’
1103 1676 1139 1744 οό
1160 1684 1215 1744 καί
1239 1683 1485 1762 παρακελεόεται
1505 1680 1541 1744 ἐν

318 1792 395 1877 άγίιρ
416 1797 563 1878 πνεύματι
586 1799 720 1878 στίργειν
742 1800 801 1875 καί
818 1795 957 1880 ίμμίνειν
979 1799 1033 1882 τήν
1055 1809 1212 1876 γεγονυῖαν
1228 1797 1312 1882 ἱεράν
1327 1801 1439 1884 ταύτην
1453 1809 1539 1882 πρα-

318 1915 361 1986 ξιν
384 1912 428 1984 είς
450 1916 483 1976 τό
506 1911 585 1998 όξής,
608 1911 685 1977 ίόστε
707 1911 864 1998 ήνοιμόνας
887 1915 964 1978 εἶναι
986 1915 1046 1978 ἀπό
1068 1927 1122 1980 τοῦ
1141 1925 1192 1980 νόν
1208 1920 1262 1988 τός
1277 1915 1448 2001 ἐκκλησίας
1462 1920 1539 1980 ταό-

318 2053 373 2102 τας
406 2043 443 2114 τή
477 2029 632 2116 ἀγιοιτάτη
659 2036 714 2096 καί
734 2034 894 2118 καθυλική
917 2035 969 2097 τὀό
990 2035 1125 2116 Χριστοῦ
1153 2038 1275 2120 μεγάλη
1298 2035 1453 2120 ἐκκλησία
1484 2041 1540 2099 καί

317 2149 434 2232 μηδένα
456 2159 514 2212 τοῖν
536 2147 675 2213 ἁπάντων
698 2151 782 2234 ἔχειν
806 2149 911 2214 ἄδειάν
933 2172 1007 2214 ποτε
1029 2163 1087 2214 τῶν
1108 2164 1223 2236 καιρῶν
1255 2151 1330 2216 καθ’
1363 2153 1538 2238 υἱυνδήτινα

317 2269 425 2348 τρόπον
447 2268 600 2350 τολμήσαι
622 2266 795 2353 ἀποστῆσαι
816 2273 871 2341 τὰς
894 2267 1064 2353 ἐκκλησίας
1097 2273 1210 2342 ταότας
1237 2281 1291 2355 τῆς
1317 2274 1457 2356 μεγάλης
1480 2271 1537 2335 ἐκ·
1650 2281 1651 2356 ξ

316 2386 457 2467 κλησίας,
491 2383 550 2446 κάν
573 2385 602 2447 εἴ
620 2408 649 2448 τι
670 2391 723 2448 καί
745 2391 869 2470 γένηται
890 2385 938 2450 ἐπὶ
959 2390 1001 2470 τῷ
1022 2392 1103 2472 τόπερ
1129 2391 1240 2470 τούτῳ,
1273 2389 1331 2450 είτε
1355 2391 1536 2473 μεταλλαγὴ

318 2511 371 2565 τοῦ
395 2499 544 2565 αόθόντυυ
567 2513 620 2566 τοῦ
642 2507 744 2578 τόπου,
768 2504 826 2566 εἴτε
849 2527 877 2567 τι
898 2503 1011 2588 ότερον.
1039 2507 1089 2568 διὰ
1112 2515 1185 2583 γοῦν
1212 2509 1265 2590 τήν
1298 2507 1398 2578 εἰς’τό
1422 2508 1537 2591 μέλλον

314 2620 487 2706 ἀσφάλειαν
509 2620 563 2684 καὶ
585 2623 679 2704 βάρος
702 2624 871 2707 φρικώδους
895 2621 1066 2708 ἀρορισμοδ
1089 2623 1218 2709 ἐκφανεῖ
1238 2622 1258 2708 ή
1276 2629 1435 2710 μετριότης
1450 2622 1538 2710 ἡμῶν

316 2741 483 2810 συνυδικῶς
515 2743 597 2802 κατά
629 2749 682 2801 τοῦ
705 2741 980 2824 βουληθησομὲνου
1001 2747 1056 2804 καί
1078 2740 1323 2826 ἐπιχειρήσοντας
1359 2741 1438 2813 όλως
1461 2748 1536 2806 ποτὲ

318 2861 481 2941 διαστῆσαι
515 2863 569 2929 τὰς
604 2856 772 2941 ἐκκλησίας
806 2862 938 2934 ταύτας,
973 2861 1005 2922 ἐν
1037 2853 1247 2944 όποιιρδήποτε
1279 2861 1447 2943 καταλόγῳ
1480 2865 1538 2922 καί

316 2977 397 3048 τάξει
419 2981 472 3038 καί
495 2980 632 3060 σχήματι
654 2980 799 3060 τυγχάνει
821 2975 861 3038 ὢν
884 2975 900 3039 ό
923 2987 1074 3054 τοιοῦτος,
1108 2977 1167 3040 εἴτε
1194 2979 1418 3063 μητρυπυλίτης
1441 2977 1536 3053 ἐστίν,
1650 2957 1651 2970 ³

318 3095 376 3158 εἴτε
399 3094 573 3170 ἐπίσκοπος,
597 3095 656 3156 εἴτε
680 3094 785 3176 ἱερεός,
809 3096 867 3158 εἴτε
890 3096 1044 3172 διάκονος,
1078 3097 1138 3160 εἴτε
1171 3094 1250 3167 ὅλως
1281 3106 1334 3159 τοῦ
1356 3098 1536 3175 καταλόγου
1650 3095 1651 3168 J

318 3218 398 3290 (τοῦ)
422 3211 664 3295 ἱερατικοῦ,,εἵτε
686 3215 833 3298 κληρικός
855 3213 1079 3299 ὁποιασδήποτε
1101 3215 1281 3300 ἐκκλησίας,
1303 3215 1362 3278 εἴτε
1385 3219 1536 3299 μοναχός,
1650 3249 1651 3274 1

317 3335 376 3395 εἴτε
399 3331 501 3415 ἅρχων
525 3341 576 3394 τοῦ
599 3335 699 3408 τόπου,
724 3333 781 3395 εἴτε
804 3333 921 3408 λαῖκός,
946 3333 1004 3394 εἴτε
1027 3332 1121 3404 ἄλλος
1143 3331 1246 3404 όποίυς
1262 3331 1298 3395 ἀν
1315 3333 1370 3416 εἴη.
1396 3333 1537 3396 ἐστιοσαν

312 3454 347 3514 δὲ
370 3455 479 3521 πάντες
501 3455 708 3526 γινώσκοντες,
732 3449 784 3520 ὡς’
796 3450 877 3532 εἴπερ
903 3455 1070 3533 γενήσηταί
1092 3471 1120 3512 τι
1142 3459 1288 3526 τοιοῦτον,
1306 3443 1369 3512 οἷον
1384 3450 1441 3512 καί
1455 3455 1534 3532 πρό-

318 3575 411 3653 τόρυν,
435 3568 463 3632 υἱ
484 3579 571 3632 τοῦτο
594 3573 794 3651 πεποιηκότες
818 3564 852 3629 ου
875 3571 1028 3640 τεύξονται
1052 3568 1142 3630 πάλιν
1172 3566 1213 3639 όις
1235 3573 1289 3630 καί
1310 3571 1457 3650 πρότερον
1479 3579 1534 3650 τής

318 3691 512 3770 συμπαθείας
546 3697 598 3770 τής
632 3688 809 3768 ἐκκλησίας,
833 3683 900 3748 ἀλλ’
925 3685 953 3747 υί
976 3691 1031 3768 μὲν
1054 3687 1179 3770 ἔχοντες
1213 3685 1364 3767 ίερατικόν
1398 3689 1535 3768 βαθμόν,

314 3805 373 3866 εἴτε
396 3805 549 3888 ἀρχιερεῖς
572 3804 657 3880 εἰσιν,
680 3803 739 3864 εἴτε
762 3801 858 3884 ἱερεῖς,
882 3807 1170 3887 καθαιρεθήσυνται
1202 3807 1284 3887 παρὰ
1317 3813 1370 3886 τής
1395 3806 1533 3888 μεγάλης

317 3925 443 3986 συνόδου
465 3925 628 3998 παντελῶς,
652 3921 681 3984 υί
702 3923 736 3984 δὲ
759 3925 872 3995 λαϊκοί;
895 3921 953 3982 εἴτε
978 3921 1137 4005 ἄρχοντες,
1171 3921 1230 3984 εἴτε
1251 3922 1381 3998 ὶδιιῖται,
1405 3919 1531 3985 ὑποκεί-

315 4063 400 4124 μενυι
424 4040 546 4103 ἔσονται
567 4041 608 4122 τῷ
634 4038 800 4126 ἀρορισμηῑ,
824 4037 865 4110 όις
893 4041 945 4122 τήν
980 4038 1148 4124 ἐκκλησίαν
1172 4050 1224 4103 τοῦ
1245 4041 1378 4122 Χριστοῦ
1401 4041 1530 4122 διαστή-

314 4179 420 4229 σαντες
442 4163 496 4220 καί
518 4164 678 4241 σχίσαντες
700 4161 754 4220 καί
777 4162 813 4220 τό
836 4159 914 4241 μόλη
938 4155 1031 4242 αότής
1054 4156 1282 4242 ἀποστήσαντες
1306 4168 1359 4241 της
1381 4159 1529 4244 κεραλής.

316 4281 422 4340 τούτου
456 4283 514 4360 γὰρ
547 4283 636 4361 χάριν
671 4277 854 4340 ἀπολίλοται
875 4280 929 4339 καί
951 4281 984 4339 τό
1016 4279 1112 4359 παρόν
1146 4278 1305 4340 συνοδικόν
1338 4277 1531 4352 σιγιλλιῶδες

313 4399 439 4479 γράμμα
471 4406 524 4480 τής
556 4397 640 4481 ήμῶν
675 4401 868 4481 μετριότητος
902 4395 947 4458 ἐπί
983 4393 1023 4478 τῷ
1058 4407 1213 4480 προσεῖναι
1246 4407 1310 4466 ταῖς
1347 4393 1533 4478 ἐκκλησίαις
