3282 5270
286 259 349 350 τευ

286 468 458 530 πείθεσθαι
480 463 570 542 αύτύ,
594 463 641 550 λρ’
666 463 712 537 υίς
739 465 776 528 ἂν
802 465 988 529 λυστττλίσιν
1012 465 1205 548 εἰσηγεῖσθαι
1227 464 1298 546 ίχοι
1319 459 1429 540 αύτοῐς.
1458 461 1513 523 ἐπὶ

287 587 382 660 τούτῳ
410 587 467 667 γάρ
493 582 678 648 ἆτυλίλυται
704 589 757 646 καί
783 587 816 646 τύ
843 584 939 666 ταρύν
964 583 1262 666 παρτνταλτηριύδες
1289 585 1413 664 γράμμα
1451 589 1514 662 τῆς

285 699 371 786 ἡμῶν
394 706 590 786 μττριύτητος
613 699 651 764 δι’
675 701 847 787 ἀσφάλειαν
869 705 898 779 †.
936 801 938 804 .

370 818 534 904 'sumi
565 819 802 902 ὶανουρίρ,
836 817 963 894 ίνδ.’ς’
994 823 1024 896 †.

562 1003 655 1068 0011.
675 1003 914 1083 (6873-1365)
929 1000 1078 1064 ianuario.
1098 1000 1228 1066 ind.111.

514 1144 661 1215 Pmbyur
689 1144 821 1214 ίύιονρύιιτ
850 1127 1042 1198 Probum
1070 1145 1274 1200 condemnatur.

371 1294 392 1367 †
412 1287 493 1373 Μηνὶ
508 1289 684 1372 ὶανυοαρίτρ,
703 1307 740 1364 κ,
762 1292 1004 1374 τροκαθημίνου
1025 1295 1079 1351 τού
1093 1292 1326 1365 παναχιωτάτου
1339 1285 1425 1372 ἡμῶν
1448 1288 1516 1350 δε-

290 1412 413 1483 σπύτου,
440 1415 494 1470 τού
517 1407 732 1490 οὶκουμτνικυύ
753 1412 954 1490 πατριάρχου,
976 1403 1008 1468 ἓν
1031 1416 1092 1478 τοῖς
1113 1409 1195 1470 κατά
1217 1409 1268 1470 τύν
1370 1409 1518 1478 κτλλίοις

289 1521 392 1601 αὐτού,
415 1527 669 1608 συντδριαζύντων
692 1535 729 1609 τη
752 1527 874 1608 μτχάλη
891 1522 1045 1608 άγιωσύνη
1061 1521 1155 1588 αύτού
1176 1535 1234 1588 τῶν
1256 1523 1426 1606 ίτρωτάτων
1447 1525 1517 1608 ἀρ-

287 1649 414 1727 χιτρίων
437 1649 492 1706 καί
505 1641 689 1726 ύπτρτίμων,
712 1653 765 1707 τού
788 1643 927 1729 Ἐρέσου,
950 1651 1003 1706 τού
1017 1643 1163 1718 Κυζίκου,
1186 1651 1240 1706 τού
1262 1643 1515 1728 Φιλαδτλρτίας,

285 1771 339 1824 τού
359 1761 503 1837 Νικαίας,
525 1771 578 1824 τού
599 1761 718 1845 Μύρων,
741 1770 794 1825 τού
816 1761 952 1836 Τυάνων,
980 1769 1034 1825 τού
1054 1762 1184 1846 Βιζύης,
1211 1769 1264 1824 τού
1290 1760 1515 1846 Τραϊανοοπύ-

286 1879 373 1955 λτως,
395 1888 448 1943 τού
469 1879 707 1962 Τραπεζοῦντος,
730 1886 783 1942 τού
805 1879 1020 1964 Χαλκηδόνος,
1044 1888 1097 1942 τοῦ
1120 1879 1261 1964 Ἀθηνῶν
1287 1885 1343 1944 καί
1369 1889 1424 1944 τοῦ
1446 1879 1515 1944 Αἴ-

287 2017 350 2075 νυο,
374 1998 565 2083 ίκινήθησαν
589 1998 756 2082 αἰτιάματα
777 2002 858 2062 κατά
877 2006 930 2062 τοῦ
951 2001 1156 2080 τρεσβυτίρου
1174 1997 1327 2080 Γεορχίυυ
1349 2007 1403 2060 τού
1419 1999 1514 2080 Προ-

287 2118 447 2196 βατιανυύ,
475 2113 557 2187 ὅπως
578 2114 808 2198 παραγγτλθτὶς
831 2113 888 2179 ύττύ
913 2124 967 2178 τού
995 2093 1190 2198 λντιμυτάτυο
1217 2115 1265 2179 ίτί
1291 2127 1349 2179 τῶν
1375 2123 1514 2199 κρίσεων

289 2235 384 2317 μηδίν
416 2255 445 2295 τι
470 2237 613 2314 πράττειν
637 2238 869 2317 παρείσπρακτα
897 2231 944 2296 ίπί
966 2245 1004 2316 τῇ
1027 2234 1265 2318 ταβυολλαρικη,
1288 2235 1354 2308 λπεί
1377 2234 1512 2318 ἐποίησε

286 2352 389 2414 πολλά
410 2349 465 2413 καί
486 2351 628 2436 διάφορα,
651 2350 777 2435 λποίηστ
799 2353 833 2414 δὲ
867 2357 921 2414 καί
954 2351 1126 2435 ἱερολοηίας
1159 2353 1249 2422 λκτύς
1274 2361 1329 2435 τῆς
1361 2355 1515 2436 συνήθους

288 2470 451 2552 διδομένης
477 2471 620 2554 βούλλης,
646 2469 801 2553 ύχρησατο
828 2473 1026 2552 τραχυτάροις
1052 2472 1157 2546 λύγοις
1183 2473 1238 2532 καί
1266 2470 1410 2552 σκληροῖς
1433 2473 1514 2551 πρὸς

290 2585 391 2665 αύτύν,
414 2587 455 2659 ύς
478 2587 611 2672 ὁρμῆσαι
632 2586 710 2676 κατ’Ι
725 2583 817 2651 αύτυύ
838 2590 951 2672 πλῆξαι
973 2573 1074 2664 αὐτὸν,
1098 2588 1161 2650 εἶπε
1183 2589 1218 2650 δὲ
1240 2591 1294 2650 καί
1308 2589 1402 2664 λάχον
1425 2592 1514 2652 κατὰ

288 2715 341 2768 τοῦ
363 2710 594 2783 παναχιωτάτυυ
610 2703 705 2790 ἡμῶν
733 2707 881 2770 δεσπότου
907 2712 962 2769 καί
988 2706 1204 2789 οἰκουμτνικυύ
1229 2709 1438 2788 πατριάρχου,
1463 2704 1514 2770 ὅτι

290 2813 349 2906 γάρ
371 2823 429 2895 δως
445 2829 533 2898 πύτε;
554 2822 605 2886 ἵνα
626 2823 651 2908 η
666 2827 856 2907 πατριάρχης
871 2824 1022 2907 δηλονότι.
1041 2821 1239 2908 ἀποφάνσεως
1254 2823 1289 2884 δὲ
1306 2821 1511 2906 ἐξενηνεγμέ-

278 2961 343 3024 νης
365 2939 432 3004 κατ’
455 2937 548 3004 αύτυύ
581 2938 681 3023 ὥσπερ
704 2941 864 3022 ίκτραπείς
885 2944 939 3002 καί
962 2941 1018 3013 ἔξω
1035 2943 1198 3022 γτνύμτνος
1213 2938 1333 3016 ίαυτυύ,
1349 2943 1511 3022 θρασύτε-

289 3079 340 3142 ρον
364 3056 545 3140 ᾰπτκρίνατυ
569 3061 695 3120 ενιύπιον
717 3067 771 3142 τῆς
792 3060 883 3128 θείας
904 3055 959 3120 καὶ
981 3055 1064 3141 ἱεράς
1079 3059 1217 3134 συνόδου,
1241 3052 1288 3120 ὅτι
1305 3055 1366 3134 λχύ
1382 3059 1511 3131 λξτλτύ-

290 3198 385 3258 σομαι
407 3175 466 3239 ἀπὸ
489 3187 547 3239 των
569 3175 707 3240 ἐνταῦθα
728 3181 783 3238 καί
806 3173 1014 3260 ἀπελεύσομαι
1040 3177 1084 3248 εὶς
1106 3177 1270 3258 Φράηχυυς
1296 3175 1316 3261 ἢ
1339 3177 1508 3261 Τούρκυυς.

290 3297 366 3378 βάρυ
383 3302 455 3372 γοῦν
478 3294 564 3367 ίδοξι
586 3303 684 3368 τοῦτο,
707 3298 760 3359 καί
775 3295 866 3368 δόξαν
881 3297 998 3359 τελείαν
1015 3296 1221 3378 ἐπενεχθῆναι
1239 3299 1424 3379 καθαίρεσιν
1447 3293 1510 3359 αύ-

286 3422 349 3488 τού,
363 3410 389 3476 δ
411 3394 641 3487 πανατιύτατυς
662 3408 747 3494 ἡμῶν
762 3410 958 3496 δτσπύτης,ύ
981 3411 1193 3493 οἱκυυμενικύς
1208 3415 1409 3494 πατριάρχης,
1432 3415 1509 3497 ριλ-

267 3605 269 3610 ,
288 3535 448 3615 ανθρωκία
470 3541 508 3614 τῇ
527 3533 655 3614 συνηθτι
669 3535 873 3615 χρησάμενος,
896 3529 988 3613 ὥρισε
1010 3534 1158 3610 χτνίσθαι
1174 3529 1331 3614 λτίσχεσιν
1345 3539 1400 3614 της
1415 3529 1509 3612 ἱερω-

288 3652 380 3733 σύνης
402 3648 505 3724 αὐτοῦ,
535 3652 627 3731 μύχρι
652 3647 803 3723 διίτιιντν,
832 3629 886 3712 καί
908 3647 1064 3735 ίστίρχθη
1087 3647 1182 3722 υύτως
1216 3647 1379 3731 ἀπρακτεῖν
1401 3645 1508 3712 αύτύν·

288 3768 321 3826 τύ
344 3767 379 3827 δὲ
400 3775 452 3828 τού
475 3766 698 3847 ταβυολλαρίου
720 3765 927 3848 λειτούργημα
949 3767 1110 3850 διιντργτῐν
1126 3765 1169 3838 τίς
1185 3769 1219 3830 τύ
1235 3763 1304 3850 ἑξῆς
1324 3767 1415 3848 ψήφῳ
1431 3787 1507 3829 συν·

289 3883 379 3965 υδικῇ
406 3887 561 3955 παντελῶς
588 3884 775 3958 κεκώλυται,
803 3881 881 3946 ύστε
908 3885 1049 3968 μηδύλως
1075 3883 1268 3970 ἔτιχτιρησαι
1300 3885 1507 3968 διτντρχησαι,
1636 3875 1637 3878 “

289 4003 330 4083 μη
354 4009 444 4083 μόνον
467 4001 508 4072 ύς
530 4003 653 4087 ἰδιώτης
675 4001 729 4064 καί
751 3999 971 4086 ἀμαθέστατος
992 4007 1100 4087 πάντη,
1124 4003 1204 4067 ἀλλὰ
1230 4007 1284 4066 καί
1307 4001 1348 4074 ύς
1372 4005 1414 4087 μη
1438 4004 1506 4086 μετ’

287 4117 387 4203 ύρθῐης
420 4121 634 4204 συνειδήσεως,
663 4117 700 4206 ἧς
728 4123 862 4205 μάλιστα
890 4121 985 4185 δεῖται
1014 4124 1048 4185 τύ
1081 4118 1273 4206 ύπούργημα,
1306 4127 1346 4186 τά
1376 4123 1507 4188 πλεῖστα
1636 4131 1637 4158 ¹

286 4241 462 4321 πεποιηκώς
485 4241 514 4314 †.
