3258 5282
1275 331 1337 393 365

105 517 199 600 ἔχετε
223 517 284 579 ἀπό
308 526 365 578 τῶν
389 515 477 596 ἱερῶν
500 519 636 577 κανόνων
659 520 713 577 καί
736 526 793 578 τῶν
816 517 1003 601 φιλεοσεβῶν
1023 521 1132 600 νόμων,
1155 523 1208 580 καί
1223 518 1336 582 ἀπονέ-

104 658 185 719 μητε
209 638 307 718 τοότιρ
329 637 411 697 κατὰ
434 635 488 717 τόν
508 639 720 719 περικειμένην
744 631 827 717 αὐτῷ
850 633 1068 719 ἀρχιερατικὴν
1084 634 1171 710 ἀξίαν
1191 643 1338 702 παντοίαν

105 754 186 817 αἰδῶ
209 759 264 818 καί
287 755 389 837 τιμήν,
416 757 471 815 καί
498 754 642 838 δέχηοθε
666 759 719 816 καί
748 756 898 838 σπεόδητε
929 755 1113 837 ἐκπληροῦν,
1146 753 1205 818 ὅσα
1233 759 1338 841 μέλλει

105 875 211 951 λέγειν
243 879 298 936 καί
327 875 486 936 διδάσκειν
513 869 607 955 ὑμᾶς,
643 873 806 960 ἀφορῶντα
834 874 877 944 είς
910 872 1060 959 ὠφέλειαν
1095 885 1152 936 τῶν
1185 873 1338 960 ὑμετέρων

105 999 225 1078 βυχῶν,
246 998 300 1056 καῖ
322 991 368 1078 ἐφ’
386 993 431 1064 οἷς
455 992 491 1055 ἂν
515 995 615 1077 δεηση
637 995 810 1076 προβαίνειν
833 997 1023 1076 χειροτονίας
1046 992 1159 1076 ἱερέων,
1176 995 1337 1070 διακόνων,

64 1119 66 1122 ’
106 1111 192 1174 ἀλλὰ
215 1113 253 1195 δὴ
276 1111 332 1174 καὶ
357 1116 561 1195 καθιερῶσεις
588 1122 682 1186 ναῶν,
717 1121 823 1174 τοῦτον
858 1116 949 1194 μόνον
982 1113 1123 1196 δίχησθε
1157 1112 1340 1177 ὲκτελοόντα

106 1241 208 1295 ταῦτα
230 1230 272 1302 ὡς
295 1235 419 1316 γνήσιον
447 1230 596 1314 ἀρχιερέα
623 1228 705 1314 ὐμῶν
731 1237 785 1292 καί
807 1236 924 1314 πατέρα
945 1233 1149 1314 πνευματικόν
1171 1231 1227 1294 καὶ
1248 1234 1338 1296 διδό-

105 1353 242 1426 σκαλον,
267 1351 371 1433 ἐπειδὴ
394 1353 448 1412 καί
471 1347 561 1413 αὗται
584 1349 615 1412 αἱ
636 1349 800 1420 Κυκλάδες
822 1359 911 1432 νῆσοι
933 1344 1000 1412 ὐπό·
1016 1351 1070 1432 την
1094 1345 1187 1412 αὐτοῦ
1210 1349 1339 1434 ἐπικρά-

106 1491 194 1533 τειαν
218 1465 410 1552 εὐρίσκονται
433 1473 487 1551 καὶ
510 1467 662 1554 ἐφορείαν,
679 1469 748 1538 τούς
771 1469 805 1530 δέ
829 1467 942 1540 ἄλλους
960 1471 1078 1540 πάντας
1094 1466 1268 1553 ἀπωθηοθε
1285 1475 1341 1532 καὶ

107 1587 321 1672 ἀποπέμπητε,
344 1587 387 1660 ὡς
410 1590 564 1672 μηδεμίαν
588 1590 738 1673 μηδαμῶς
762 1589 893 1673 ἔχοντας
916 1587 963 1652 έπί
986 1589 1103 1660 τυότοις
1119 1587 1236 1663 ἄδειαν,
1259 1595 1341 1654 κατὰ

107 1711 163 1792 τὴν
188 1719 246 1770 τῶν
269 1705 366 1770 αὐτῶν
390 1707 479 1791 ἱερῶν
501 1713 556 1771 καί
582 1711 677 1770 θείων
703 1711 839 1770 κανόνων
865 1708 1091 1791 παρακέλευσιν
1113 1713 1168 1771 καί
1190 1710 1340 1782 διάταξιντ

109 1825 147 1890 οὐ
171 1829 230 1911 μην
255 1826 413 1890 ἀλλὰκαὶ
436 1827 519 1910 εἴπερ
546 1829 721 1910 πειραθεῖεν
746 1825 821 1896 ἴσως
847 1829 925 1897 τινὲς
947 1824 967 1910 ἢ
990 1836 1048 1888 τῶν
1075 1835 1128 1888 τυῶ
1155 1833 1265 1911 μέρους
1287 1839 1342 1913 της

109 1947 237 2031 Κρόμης
259 1945 279 2030 ἢ
301 1944 405 2028 ἕτερός
428 1969 472 2017 τις
494 1947 758 2029 παρεισέρχεσθοιι
784 1942 897 2008 αὐτόθι
920 1944 1049 2028 ἐνεργεῖν
1076 1969 1104 2008 τι
1127 1945 1343 2030 ἀρχιερατικόν

109 2065 130 2148 ἢ
154 2064 285 2128 ἀλλο-τι
307 2063 368 2128 ἀπό
391 2075 449 2128 τῶν
473 2066 614 2147 ἀνωτέρω
636 2068 718 2126 κατὰ
742 2070 835 2147 μέρος
858 2065 1037 2148 εἰρημένων,
1060 2064 1108 2128 ἐπί
1129 2070 1343 2150 περιφρονήσει

111 2173 201 2246 τοῦδε
224 2193 278 2246 τοῦ
300 2183 464 2268 ἱερωτάτου
488 2181 658 2268 ἀρχιερέως
680 2187 734 2246 καί
758 2179 937 2266 θπερτίμυυ,
961 2181 1030 2254 ,έπεί
1056 2181 1113 2247 ὐπὸ
1141 2187 1194 2268 τὴν
1217 2204 1341 2246 κανονι-

110 2305 168 2386 κήν
192 2299 326 2388 εὐθύνην
347 2307 402 2366 καὶ
425 2301 593 2387 αὐστηρίαν
616 2303 690 2378 είσί,
717 2307 770 2365 καί
792 2322 811 2386 η
840 2307 999 2387 μετριότης
1026 2300 1112 2388 ἡμῶν
1139 2306 1261 2387 σόναμα
1282 2316 1343 2374 τοῖς

110 2418 187 2485 καθ’
210 2417 295 2506 ἡμεῖς
317 2420 387 2504 ἱερά
412 2426 467 2484 καί
487 2424 565 2501 θείη
588 2422 705 2503 συνόδῳ
728 2426 783 2484 καί
806 2418 862 2484 ὑπό
891 2419 993 2502 βάρος
1011 2419 1186 2507 ἀφορισμοῶ
1210 2419 1241 2483 έν
1264 2419 1343 2504 ἁγίῳ

109 2541 259 2621 πνεύματι
282 2541 351 2610 τούς
374 2541 530 2630 τοιούτυυς
551 2541 742 2628 ποιούμεθα,
772 2525 853 2601 ἀλλὰ
880 2543 934 2601 καί
961 2539 1043 2623 εἴπερ
1071 2538 1130 2602 ἀπὸ
1156 2539 1264 2622 ἑτέρας
1287 2539 1343 2602 έκ-

110 2659 246 2742 κλησίας
268 2659 462 2741 χηρευοόσης
484 2655 540 2718 καὶ
563 2658 605 2740 μη
629 2653 833 2739 ὑποκειμένης
861 2656 953 2740 ἑτέρῳ
977 2655 1126 2741 ἀρχιερεῖ,
1159 2659 1238 2743 μηδὲ
1264 2635 1348 2722 κατὰ

111 2777 204 2853 λόγον
227 2775 394 2846 ἐπιδόσεως
416 2776 567 2860 δοθείσης
590 2781 660 2850 τινί,
690 2777 706 2855 β
735 2775 848 2837 ’λοιντό
872 2797 950 2847 τινες
978 2781 1170 2860 χειροτονίας
1195 2778 1349 2850 δέξασθαι

110 2897 264 2958 διακόνων
285 2899 340 2956 καί
362 2893 480 2976 ἱερέων,
506 2894 550 2958 ἔτι
573 2916 605 2956 τε
626 2899 682 2956 καί
703 2897 911 2977 καθιερῶστις
934 2905 1014 2957 ναῶν
1037 2897 1209 2970 ποιεῖσθαι,
1238 2896 1348 2960 διδόα-

114 3034 169 3095 μεν
192 2997 300 3076 ἀδειαν
322 3011 384 3096 ἤδη
407 3018 460 3075 καί
485 3011 680 3096 έκχωροῶμεν
705 3013 746 3094 τῷ
768 3008 850 3094 αὐτῷ
875 3013 1028 3096 ἱερωτάτην
1052 3017 1262 3100 μητρυπολίτη
1278 3014 1348 3080 Ῥό-

114 3135 170 3194 δου
192 3137 248 3194 καί
270 3128 421 3214 ὐπερτίμῳ
445 3131 578 3194 ἐκτελεῖν
601 3137 773 3194 καὶταῦτα
795 3135 895 3194 πάντα
923 3107 1206 3216 ἀπροκριματίστως
1232 3141 1286 3196 καί
1309 3133 1348 3195 ἀ-

113 3253 269 3320 κωλύτως.
294 3251 360 3311 έπεί
383 3259 456 3326 γοόν
479 3251 668 3329 κατελάβετε
692 3249 817 3332 την-ἐπί
839 3253 947 3312 τούτου
968 3249 1119 3335 ἡμετέραν
1143 3250 1198 3314 καί
1225 3253 1348 3315 συναδι-

113 3372 172 3452 κήν
194 3369 428 3450 παρακέλευσιν,
452 3365 590 3451 όφείλετε
614 3365 813 3450 εὐγνωμονεῖν
835 3373 888 3430 καί
912 3367 947 3430 ἐκ
971 3379 1024 3430 τοῦ
1040 3367 1091 3432 ἀπ’
1106 3369 1250 3432 ἐντεῦθεν
1269 3369 1348 3433 ἀπο-

115 3491 261 3570 πληροῦν,
285 3489 432 3567 καθάπερ
455 3497 673 3569 παρεγγυῶμεν
696 3490 750 3547 καί
774 3484 1009 3570 ἔπισκήπτομεν,
1033 3487 1070 3549 ἵν’
1094 3485 1172 3551 οὕτω
1192 3486 1280 3572 καίη
1297 3499 1350 3550 του

115 3611 194 3669 θεοῦ
217 3608 309 3688 χάρις
333 3604 516 3687 διαφυλάξαι
541 3601 619 3685 ὑμᾶς
642 3601 789 3684 ἀβλαβεῖς
811 3609 866 3666 καί
888 3610 972 3688 ψυχῇ
995 3610 1048 3666 καί
1065 3609 1252 3687 σωματικαὶ
1268 3605 1348 3669 ἀνιό-

116 3745 204 3806 τερον
227 3725 340 3792 παντός
364 3719 490 3804 ἀνιαροῦ
514 3725 783 3804 συναντηματοςβ

202 3850 222 3920 †
257 3843 370 3926 Μηνὶ
404 3848 479 3903 καὶ
511 3842 587 3903 ίνδ.
623 3853 714 3910 τοῖς
744 3839 899 3912 αὐτοῖς
926 3845 998 3904 διὰ
1026 3853 1100 3926 τῆς
1130 3840 1266 3926 αὐτῆς
1292 3867 1349 3906 τι-

119 3969 222 4045 μίας
257 3967 417 4044 χειρός
450 3965 478 4037 β

410 4147 549 4210 CLXIV.
574 4150 816 4223 (effi-1357)
837 4147 923 4209 iunio
939 4146 1000 4208 ind.
1020 4148 1059 4208 X.

497 4290 638 4357 Projesaio
647 4289 715 4358 fidei
730 4289 841 4354 (ἕτοιμά
864 4289 976 4345 νάεσσι,

206 4443 224 4515 †
251 4437 388 4500 Ιίιοτεόω
416 4435 460 4505 είς
482 4435 537 4496 ἕνα
561 4438 636 4496 θεόν
663 4439 794 4516 πατέρα,
822 4426 1071 4518 παντοκράτορα,
1098 4437 1227 4520 ποιητὴν
1256 4433 1348 4520 οὐρα-

119 4567 170 4618 νοῶ
193 4562 248 4619 καί
272 4565 328 4639 γῆς
351 4573 380 4615 κ.
405 4574 430 4615 τ.
454 4554 481 4614 λ.
505 4557 558 4614 καί
582 4551 751 4632 ὁμολογῶ.
777 4601 782 4612 .
807 4601 814 4614 .
838 4559 1051 4636 προσέρχομαι
1073 4557 1127 4616 καί
1149 4557 1298 4636 καθαρῶς
1314 4567 1351 4641 τη
