3256 5272
319 273 381 334 222

318 466 458 542 ποιησαι,
493 465 765 541 συμμαρτυρούσαν
795 458 861 543 εἶχε
889 458 944 522 καί
972 456 1065 544 αότην
1099 460 1137 542 δη
1171 460 1225 544 τήν
1256 459 1373 523 οἰκείαν
1407 463 1536 552 μητέρα,

319 576 474 660 ἀπέκρυψε
513 576 547 638 δί
585 571 662 658 αὕτη
701 577 755 640 σύν
788 577 830 660 τῷ
861 577 915 662 υἱῷ
949 587 1118 663 τηνικαῦτα
1153 584 1207 641 καί
1245 577 1280 642 ού
1318 579 1536 663 διυμσλόγηστ

318 696 373 777 τήν
403 714 436 754 τε
469 692 512 763 εἰς
545 693 633 764 τέλος
666 694 811 778 βούλησιν
844 700 897 780 καί
930 698 980 758 τόν
1014 697 1129 760 σκοπόν
1161 703 1215 758 τού
1248 694 1357 779 ἀνδρός
1390 700 1445 758 καί
1481 697 1537 778 τὴν

316 815 521 886 κατάστασιν,
553 811 590 896 ἣν
624 810 700 897 ἔσχε
732 815 770 876 τὰ
803 822 858 897 τῆς
890 815 1032 898 τοιαύτης
1066 821 1176 899 μονῆς,
1208 811 1268 885 έιος
1303 835 1335 876 τε
1366 817 1449 877 κατὰ
1481 815 1537 898 την

318 923 415 990 αύτών
436 929 552 1011 πολλὴν
574 932 628 990 καί
650 925 791 1013 έπίμσνον
812 936 881 1015 περί
902 933 1009 996 τούτου
1033 935 1156 1016 ζήτησιν
1179 936 1233 994 καί
1257 931 1376 995 ἱκεσίαν
1403 935 1460 994 καί
1481 933 1537 1014 την

317 1045 366 1110 έπί
386 1049 488 1109 πλεῖον
511 1044 581 1130 παρ’
596 1045 683 1132 ἡμῶν
704 1052 874 1132 παρότασιν
898 1050 941 1122 εἰς
963 1051 1109 1122 τέλοςτὰ
1131 1057 1184 1112 τού
1209 1052 1389 1132 πράγματος
1415 1049 1535 1133 εἴληχε,

316 1173 371 1231 καί
391 1166 450 1238 έυις
472 1163 489 1231 ό
510 1166 574 1238 υἱός
597 1167 628 1230 έν
650 1179 712 1240 τοίς
735 1172 826 1240 ζῶσιν
848 1165 1016 1252 εὑρίσκετο.
1044 1168 1108 1232 έπεί
1129 1169 1163 1231 δί
1185 1166 1328 1238 κάκεῖνος
1355 1165 1387 1241 ἰξ
1409 1166 1536 1250 ἀνθρώ·

315 1306 378 1350 πων
401 1285 532 1364 ἐγένετο,
556 1289 703 1370 μετάνοια
725 1289 836 1372 ταύτην
858 1287 963 1372 εἰσῄει,
976 1281 1033 1352 ’καί
1048 1291 1228 1371 συγγνώμης
1249 1285 1334 1370 ἠξίου
1350 1298 1465 1371 τυχεῖν,
1489 1283 1536 1371 ἀρ’

316 1404 361 1477 σίς
384 1401 419 1468 ού
440 1407 545 1476 καλῶς
567 1405 734 1487 σονέδρασε
761 1405 803 1489 τῷ
827 1406 896 1489 υἱῷ,
918 1417 1108 1470 κατειποῦσα
1129 1414 1182 1490 τῆς
1210 1405 1363 1490 ἀληθείας
1390 1408 1447 1468 καί
1469 1415 1538 1490 χώ-

317 1545 372 1608 ραν
399 1521 468 1587 κατ’
495 1517 589 1606 αὐτῆς
616 1525 658 1605 τῷ
685 1525 790 1606 ψεύδει
815 1531 1046 1610 παρασχομένη,
1080 1529 1134 1588 καί
1159 1532 1256 1587 ταῦτα
1281 1501 1337 1586 ΙἐπίΙ
1354 1503 1537 1607 πράγμασιν

316 1643 414 1727 ἰτροίς,
438 1639 514 1724 ἅπερ
538 1638 573 1704 ού
597 1643 706 1724 μικρόν
728 1641 809 1706 οἶδεν
832 1641 955 1722 έποίγειν
978 1647 1029 1708 τύν
1050 1653 1105 1727 τῆς
1127 1647 1227 1728 ψυχης
1249 1643 1400 1716 κίνδυνον,
1424 1647 1480 1704 καί
1504 1641 1537 1704 ἰν

315 1759 500 1848 υίςζπάντας
531 1757 635 1830 ἀπλώς
661 1763 715 1823 καί
746 1763 816 1832 τούς
843 1767 993 1846 τυχόντας
1021 1761 1181 1846 ἀληθίίειν
1209 1763 1322 1844 χρεών,
1353 1762 1395 1844 μή
1425 1756 1474 1822 ότι
1501 1779 1537 1837 γε

312 1877 495 1963 ἀνθρώπους
521 1888 579 1940 τῶν
604 1877 725 1940 πολλῶν
753 1879 952 1964 διαφέροντας
984 1883 1066 1942 κατιί
1093 1901 1125 1942 τε
1152 1881 1205 1964 τήν
1233 1877 1347 1941 ἑαυτῶν
1372 1877 1536 1940 παίδευσιν

314 2003 369 2062 καί
393 1972 503 2075 γνῶσιν
524 2000 579 2060 καί
600 1995 642 2079 τῷ
665 2001 746 2060 κατὰ
772 2000 890 2080 κόσμον
916 1997 1078 2082 ἀξιώματι·
1105 1995 1289 2074 ,ἁγιάζεται
1314 1999 1368 2058 καί
1393 1999 1468 2078 γὰρ,
1492 1991 1537 2064 ώς

314 2139 399 2204 φησι,
421 2119 456 2180 τό
479 2119 578 2199 στόμα
599 2123 652 2176 τού
669 2113 878 2198 ἀληθεύοντος
898 2114 934 2178 ἐκ
959 2125 1014 2201 τῆς
1037 2116 1283 2199 ταυτοαληθτίας
1305 2115 1449 2198 Χριστοῦ,
1473 2133 1536 2196 μο-

312 2239 434 2301 λύνεται
444 2237 479 2298 δέ
491 2238 526 2298 τό
537 2242 591 2298 τού
602 2235 789 2318 ψευδομένου
802 2233 862 2298 ἀπὸ
878 2245 931 2298 τού
945 2237 1059 2318 πατρὸς
1074 2243 1127 2298 τού
1139 2235 1269 2319 ψεύδους
1283 2242 1336 2296 τού
1351 2233 1534 2313 διαβόλου“.

313 2344 422 2440 ἀμέλει
436 2357 491 2416 καί
509 2350 659 2416 ἰπιστᾱσα
677 2363 715 2436 τῇ
734 2349 810 2414 καθ’
829 2350 912 2437 ἡμᾶς
939 2352 1010 2436 ἰιρη
1027 2356 1082 2415 καί
1102 2355 1177 2434 θεία
1195 2353 1312 2433 συνόδῳ
1333 2354 1388 2413 καί
1406 2352 1446 2412 τὰ
1462 2349 1535 2432 περί

311 2458 420 2537 τούτου
435 2470 595 2545 ἰξειποῦσα
608 2474 663 2533 καί
679 2469 871 2548 ἀνενέγκασα
884 2476 938 2534 καί
953 2475 1133 2556 συγγνώμην
1149 2470 1349 2555 αἰτησαμένη,
1366 2465 1437 2552 μεθ’
1453 2465 1533 2532 έαυ-

311 2599 366 2676 τῆς
383 2577 501 2675 έχουσα
519 2594 572 2654 καί
592 2594 648 2662 τὰς
667 2589 783 2662 οἰκείας
801 2593 976 2674 θυγατέρας
994 2593 1049 2655 καί
1069 2592 1123 2654 σύν
1144 2585 1249 2661 αύταίς
1268 2588 1460 2662 ἱκετεύουσα,
1479 2585 1533 2649 ἵνα

308 2713 363 2772 καί
377 2706 397 2793 ἡ
413 2710 569 2791 σεβασμία
584 2704 661 2797 αύτη
678 2709 754 2791 μονὴ
769 2710 823 2790 την
837 2712 957 2792 πρώτην
974 2707 1117 2792 ἀπολάβη
1132 2711 1331 2782 κατάστασιν,
1354 2704 1458 2788 ἰπιιδη
1474 2708 1532 2768 καί

311 2825 482 2922 ἀσριίλειαν
498 2826 705 2913 ἀπαιτηθείσα
722 2825 875 2911 έγγραρον
890 2827 1002 2908 ταύτην
1018 2823 1184 2910 ἰτοιησοιπσ
1204 2826 1476 2908 διαλαμβάνουσαν

309 2936 507 3029 ἰλαλήθηδί
526 2948 611 3028 παρὰ
633 2951 686 3006 τοῦ
707 2948 816 3026 μέρους
836 2940 930 3028 αότης
950 2931 1004 3006 καί
1024 2942 1066 3017 ώς
1082 2955 1147 3016 ταίς
1164 2943 1329 3028 ἀληθείαις
1345 2941 1489 3026 ἀρχῆθεν
1505 2939 1527 3025 ἡ

309 3065 386 3148 μονη
403 3075 561 3142 γυναικεία
576 3061 773 3146 ἀποκατέστη
788 3068 843 3126 καί
859 3061 1054 3148 έσρραγίσθη
1074 3069 1128 3128 καί
1148 3063 1179 3126 έν
1195 3059 1272 3147 αύιη
1288 3065 1343 3124 καί
1356 3064 1529 3144 καθηγου-

308 3187 395 3266 μίνη,
410 3186 465 3244 καί
479 3182 629 3264 διέμεινεν
652 3176 730 3243 οὕτω
753 3185 806 3244 καί
829 3179 876 3244 ἐπί
899 3181 1015 3254 ἱκανοῖς
1037 3189 1099 3254 τοῖς
1121 3187 1255 3266 χρόνοις,
1279 3184 1331 3244 διό
1353 3183 1387 3244 δέ
1411 3183 1446 3242 τό
1469 3187 1528 3259 τού

305 3299 371 3364 υίού
386 3301 514 3384 θέλημα
535 3302 589 3360 καί
611 3299 664 3382 τήν
688 3297 825 3385 ἀνάγκην
841 3301 893 3384 τήν
916 3305 1064 3384 προτέραν
1087 3300 1253 3386 ἰποιίμσατο
1277 3303 1443 3384 μαρτυρίαν
1467 3294 1530 3361 ούκ

304 3417 421 3501 ἀληθῆ,
443 3420 653 3500 ποιησαμένου
679 3419 774 3500 ταύτη
803 3391 856 3480 τοῦ
883 3416 948 3480 υἱοῦ
975 3419 1026 3481 διὰ
1049 3427 1138 3482 τοῦτο
1167 3423 1221 3482 καί
1247 3416 1416 3482 ἀνάπαυσιν
1443 3415 1529 3478 ἰδίαν

305 3537 358 3599 διὰ
372 3533 601 3616 κτλλίυινιίδίυυν
616 3536 745 3618 πλησίον
762 3545 816 3620 τῆς
832 3539 972 3620 τοιαύτης
989 3547 1083 3621 μονῆς
1105 3541 1159 3600 καί
1187 3535 1400 3617 ἀνεγείραντσς
1416 3533 1447 3595 ἰν
1463 3529 1526 3594 αύ-

306 3667 367 3728 τοίς
382 3661 436 3720 καί
451 3654 535 3718 οἶκον
551 3651 718 3738 εόκτηριον.
735 3659 789 3716 καί
804 3651 846 3726 ώς
861 3659 916 3718 καί
930 3651 949 3739 ἡ
973 3654 1004 3718 έν
1020 3667 1057 3740 ιη
1072 3661 1206 3739 τραπέζῃ
1222 3655 1339 3736 ἱστορία
1355 3652 1441 3724 όσίας
1457 3651 1528 3736 τίχε

304 3777 358 3859 τὴν
382 3773 481 3857 ἀρχὴν
504 3777 717 3856 γεγραμμένας
741 3785 894 3850 γυναῖκας,
918 3779 1100 3857 μετεποίησε
1123 3775 1157 3836 δέ
1180 3775 1232 3856 τὴν
1254 3771 1387 3854 ἱστορίαν
1409 3771 1527 3855 ταύτην

305 3892 622 3974 όπριυτοιερακάριος
649 3889 772 3975 όστερον
795 3892 839 3964 εἰς
861 3891 979 3969 ὁσίους,
1013 3897 1066 3956 καί
1089 3891 1242 3974 ἀριδηλτυς
1267 3894 1321 3953 καί
1347 3887 1526 3974 ὁμολογου-

305 4017 402 4096 μένως
425 4011 569 4096 ἀνεμώνη,
592 4009 634 4084 ώς
657 4023 798 4090 γυναῖκες
821 4012 1085 4098 ἀποκατέστησαν,
1101 4016 1155 4074 καί
1177 4006 1353 4093 εύρίσκοντο
1372 3988 1423 4072 ἰπὶ
1444 4009 1526 4070 πολ-
1550 4083 1555 4092 ι

301 4131 365 4201 λοίς
388 4142 449 4202 τοῖς
472 4133 595 4214 χρόνοις
618 4129 661 4202 εἰς
683 4133 736 4215 τήν
759 4133 901 4215 τοιαύτην
925 4135 1028 4216 μόνην,
1051 4136 1105 4194 καί
1126 4131 1239 4193 πολλαί
1261 4131 1373 4192 τούτων
1389 4126 1420 4189 έν
1443 4121 1524 4211 αὕτη

302 4239 512 4334 ἀπεκόρησαν,
527 4253 582 4311 καί
604 4244 674 4312 ούδί
698 4253 732 4312 τό
755 4229 925 4314 ἀντιδικοῦν
943 4231 1033 4336 μέρος
1050 4251 1132 4335 εἶχεν
1148 4249 1315 4328 ἀντιλέγειν
1330 4248 1406 4330 πρός
1421 4251 1523 4308 τοῦτο.

300 4365 319 4452 ἡ
343 4372 501 4452 μετριότης
523 4365 608 4452 ἡμῶν
630 4368 661 4431 έν
678 4371 806 4454 δευτέρῳ
822 4348 920 4434 πυίλλα
935 4374 1068 4456 θεμένη,
1092 4375 1226 4457 ζήτησιν,
1250 4369 1292 4442 ὣς
1315 4371 1418 4451 έχρῆν,
1440 4363 1524 4434 πολ·

301 4487 357 4570 λήν
382 4491 436 4550 καί
451 4485 571 4572 ἀκριβῆ
594 4485 774 4571 έποιήσατο,
798 4490 824 4552 εἰ
846 4501 910 4560 ταῖς
933 4489 1102 4574 ἀληθείαις
1128 4489 1249 4568 ἰγένετο
1281 4493 1354 4555 τέως
1383 4479 1403 4567 ἡ
1432 4481 1524 4567 &W-
