3258 5282
315 288 380 350 368

315 473 433 548 Ῥόδου,
456 465 745 560 ουνδιασκεψαμίνη
769 486 842 555 γοῦν
871 483 948 562 περί
965 483 1085 556 τούτου,
1113 481 1236 565 ἀπείπερ
1264 483 1414 567 καίπερ
1442 483 1552 546 ἀλλων

317 593 437 673 ἔμαθεν
460 589 556 664 οὕτως
579 595 674 676 ἔχειν,
698 593 780 658 ἀλλὰ
803 597 841 680 δή
863 602 918 659 καί
940 595 1010 680 παρ’
1033 596 1128 663 αότού
1155 609 1208 664 τού
1235 600 1400 684 ἱερωτάτοο
1425 622 1553 684 μητρο-

315 713 440 775 πολίτου
467 712 602 796 Βάρνης,
633 719 785 798 παρόντος
811 719 865 778 καί
896 713 989 779 αάτού
1019 723 1073 780 καί
1104 728 1193 782 τοῦτο
1226 722 1553 804 συνομολογήσαντος,

316 833 425 909 διόγνω
446 831 502 894 καὶ
523 831 700 918 ἀπεφήνατο
723 839 804 898 κατὰ
831 838 936 920 κοινήν
964 834 1237 924 δμογνίομοούνην,
1263 807 1423 922 προσεῖναι
1452 847 1556 901 ταῦτα

316 962 354 1034 τη
381 961 435 1033 τής
462 950 664 1036 Μεσημβρίας
692 956 877 1038 μητροπόλει
904 959 986 1018 κατά
1017 959 1071 1040 την
1103 956 1237 1042 ἀρχαίαν
1268 962 1483 1033 κατάστασιν,
1514 957 1555 1028 ὥς

317 1071 464 1153 όνοριακὰ
487 1065 581 1153 αύεής
603 1072 711 1135 δίκαια
732 1077 787 1135 καί
810 1071 952 1136 ἐντεῦθεν
975 1071 1053 1160 αότή
1076 1077 1271 1162 διαφέροντα.
1294 1081 1426 1152 καθίετε
1450 1083 1555 1141 τοίνυν

258 1205 262 1212 ·
316 1193 372 1251 καί
394 1198 490 1252 ταῦτα
513 1189 530 1254 δ
553 1185 662 1274 ῥηθείς
686 1189 848 1274 ἱερώτατος
876 1196 1100 1280 μητροπολίτης
1121 1195 1338 1282 Μεσημβρίας,
1365 1203 1421 1261 καί
1449 1201 1556 1260 πάντα

318 1313 356 1370 τὰ
380 1308 583 1393 ἀρχιερατικὰ
605 1309 660 1372 καί
682 1308 713 1373 όν
730 1307 831 1382 αάτοῐς
846 1314 1055 1395 διαπράξεται,
1073 1316 1203 1398 μηδενός
1223 1326 1282 1379 τῶν
1298 1315 1330 1380 όν
1346 1314 1455 1388 αὐτοῖς
1473 1314 1555 1380 ἀνθ-
1608 1340 1609 1408 γ

318 1433 483 1511 ισταμόνου
509 1433 564 1494 καί
592 1427 832 1506 ἀντιπίπτοντος,
860 1435 914 1494 καί
941 1436 980 1495 τὰ
1006 1433 1037 1496 όν
1065 1429 1166 1504 αὐτοῖς
1194 1433 1358 1522 ἀκωλύτως
1386 1433 1559 1522 ἀποίσεται

316 1550 415 1609 πάντα
437 1544 548 1610 όαυτού
570 1549 687 1611 δίκαια.
712 1547 755 1620 είς
778 1553 836 1632 γὰρ
852 1552 906 1633 την
927 1555 996 1634 περί
1023 1555 1130 1614 τούτου
1158 1523 1331 1638 ἀσφάλειαν
1361 1553 1559 1616 ἀπολέλυσαι
1608 1525 1609 1530 ¹

317 1663 398 1748 αὐτῷ
432 1671 486 1730 καί
518 1663 538 1750 ἡ
570 1677 713 1750 παροῦσα
747 1670 892 1753 ουνοδική
919 1671 1082 1747 διάγνωσις
1110 1677 1163 1734 καί
1183 1671 1346 1757 ἀπόφασις
1372 1682 1428 1757 της
1464 1669 1556 1758 ἡμῶν

318 1789 514 1870 μετριότητος
536 1789 565 1864 †.

401 1907 420 1981 †
454 1903 571 1988 Εἶχε·
595 1912 670 1968 καί
704 1908 778 1970 διὰ
811 1913 967 1990 τιμίας
998 1914 1073 1971 καὶ
1104 1913 1238 1982 θείας
1273 1931 1554 1994 πατριαρχι·

315 2033 394 2106 κής
427 2027 587 2108 χειρός
618 2031 678 2088 τό·
712 2033 816 2109 μηνί
847 2027 1004 2121 ίουνίιρ
1035 2023 1346 2113 ίνδ.’δεκάτης
1379 2034 1411 2108 †.

556 2212 710 2276 chvn.
735 2217 976 2292 (εεεε-ιεει)
996 2215 1152 2278 decembri
1166 2215 1229 2278 ind.
1246 2197 1315 2278 ιω
1610 2204 1611 2288 ί

315 2357 604 2410 patriarchiarum
622 2366 711 2408 monet
735 2359 904 2416 υίείίοίοκεε,
932 2367 963 2409 ιιι
989 2357 1090 2410 almam
1114 2357 1299 2418 mactarentur,
1317 2368 1342 2412 εί
1368 2360 1495 2419 εἱστίασε,
1524 2369 1553 2408 νε

664 2473 795 2542 ἀν’ροίιαίι·
808 2493 877 2528 autu
892 2478 1077 2528 convenienter
1090 2478 1194 2531 υίυακί.

401 2625 423 2688 1.
447 2619 560 2700 †Toz')<
584 2622 637 2704 τήν
660 2620 837 2702 καθολικὴν
859 2631 917 2682 τῶν
944 2626 1048 2704 ψυχῶν
1070 2605 1259 2704 προστασίαν
1283 2627 1338 2683 καί
1356 2626 1547 2704 ποιμανσίαν
1611 2634 1612 2664 ί

317 2745 572 2822 πεπιστευμένους
594 2760 624 2801 κ.
648 2761 673 2801 τ.
697 2741 725 2800 λ.
748 2738 820 2800 vide
841 2739 1005 2803 CXXXV.
1028 2741 1051 2802 1.
1075 2761 1145 2826 pag.
1169 2743 1350 2804 306-308.

400 2860 484 2924 ’fflul
505 2860 540 2930 δὲ
563 2855 620 2920 οάκ
643 2855 803 2933 οἶδ’ὅπως,
827 2861 934 2943 φθόνιρ
957 2867 1010 2920 τοῦ
1032 2869 1166 2944 πονηρού
1189 2835 1346 2941 δαίμονος,
1365 2859 1408 2942 μή
1433 2879 1545 2940 συντη-

315 2983 465 3065 ρηδόντες
492 2977 535 3048 εἰς
559 2975 635 3059 ἅπερ
656 2973 744 3061 ἡμεῖς
767 2983 821 3038 καί
842 2980 987 3059 πρότερον
1014 2979 1170 3062 διαφόρως
1192 2976 1451 3062 είσηγηόάμεθα,
1481 2975 1545 3072 ἀξε-

314 3103 462 3184 τροίπητε,
490 3095 598 3166 οἵτινες
624 3096 662 3178 δή
689 3101 743 3158 καί
770 3093 966 3180 ἐξετράπητε,
994 3103 1122 3180 χείρονα
1149 3106 1206 3158 τῶν
1232 3101 1384 3180 προτόρων
1419 3099 1545 3160 ἐκείνων

313 3219 525 3300 πεποιηκότες,
548 3213 590 3284 ἀς
613 3217 689 3298 μήτε
711 3217 788 3277 θεόν
809 3217 1002 3298 φοβούμενοι,
1027 3219 1102 3299 μήτε
1121 3214 1301 3298 ἀνθρώπους
1318 3215 1545 3300 αἰσχυνόμενοι,

314 3337 485 3419 ἐβουλόμην
509 3332 556 3409 ἀν,
579 3337 724 3417 καθάπερ
751 3333 767 3397 ό
790 3343 843 3395 τού
870 3336 993 3396 δικαίου
1020 3335 1129 3397 δίδωσι
1155 3334 1262 3411 λόγος,
1290 3335 1360 3405 τούς
1388 3338 1544 3400 τοιούτους

314 3456 533 3538 ἀπυγυμνῶσαι
560 3462 613 3515 τοῦ
641 3463 694 3536 τής
721 3452 884 3538 ἱερωσύνης
916 3457 1128 3534 σεμνώματος,
1162 3451 1267 3534 ἐπειδή
1294 3457 1349 3515 καί
1379 3458 1465 3515 κατὰ
1492 3452 1542 3532 τήν

313 3582 366 3636 τού
389 3577 478 3637 θείου
500 3575 595 3654 νόμου
618 3572 753 3642 διάταξιν
777 3569 792 3632 ό
817 3573 893 3651 μετὰ
916 3571 972 3652 τήν
991 3574 1111 3653 πρώτην
1134 3575 1188 3631 καί
1211 3572 1355 3652 δευτόραν
1370 3574 1425 3632 καί
1442 3576 1540 3650 τρίτην

312 3697 490 3774 παραίνεσιν
517 3694 571 3752 καὶ
599 3678 782 3773 όάιφώνησιν
805 3699 993 3773 περιφρονῶν
1021 3711 1052 3750 τε
1080 3694 1134 3751 καί
1161 3691 1376 3770 κατολιγωρῶν
1406 3686 1541 3770 λοχυρῶς

313 3809 363 3885 είς1
379 3809 577 3890 δικαστήριον
599 3807 818 3887 παραδίδοται,
842 3803 861 3890 ή
884 3808 983 3881 πάλιν,
1008 3806 1050 3878 ἀς
1073 3811 1106 3870 τό
1134 3817 1186 3871 τοῦ
1209 3809 1340 3889 Χριστοῦ
1370 3806 1540 3870 ἐντέλλεται

314 3929 484 4006 θέσπισμα,
508 3924 549 4022 ἀφ
573 3925 717 3994 ὲθνκούς
740 3923 794 3986 καὶ
817 3924 949 3994 τελώνας
973 3927 1043 3996 τούς
1067 3929 1222 3996 τοιούτους
1249 3925 1332 4007 ἔχειν
1356 3947 1388 3986 τε
1411 3931 1467 3988 καί
1489 3943 1537 3984 νο·

315 4051 421 4131 μύζειν,
445 4045 659 4130 φιλανθρωπία
681 4045 714 4105 δὲ
740 4041 822 4126 ὅμως
845 4051 1027 4127 χρησαμένη
1050 4043 1069 4128 ή
1093 4048 1252 4127 μετριότης
1273 4041 1369 4128 ἡμῶν,
1393 4042 1428 4108 οά
1452 4049 1537 4128 μόνον

314 4167 368 4248 τήν
394 4169 514 4247 πρώτην
540 4167 594 4224 καί
621 4164 763 4244 δευτέραν
792 4167 846 4224 καί
874 4169 974 4247 τρίτην
1003 4164 1176 4247 εἰσήγησιν,
1205 4161 1285 4226 ἀλλά
1318 4169 1372 4226 καί
1398 4169 1535 4244 τετοὶρτηί

314 4293 444 4347 ποιεῖται
467 4284 520 4363 τήν
544 4285 687 4364 σήμερον,
710 4279 770 4365 ἤδη
793 4285 847 4342 καὶ
870 4282 1061 4356 τελευταίαν,
1088 4279 1104 4343 ό
1128 4281 1160 4342 δὲ
1189 4301 1224 4358 γε
1248 4285 1433 4365 βουλόμενος
1457 4280 1533 4360 ἱερᾶ-

316 4405 393 4466 σθαι
416 4389 498 4482 θεῷ,
517 4399 679 4484 ἔγγραφον,
703 4397 743 4488 όις
766 4399 899 4463 εἴθισται
915 4405 968 4463 καί
983 4403 1158 4482 νενόμισται
1181 4399 1319 4484 ἱερεῦσιν,
1335 4400 1452 4486 ὀφείλει
1466 4401 1532 4460 δού-

315 4543 365 4584 ναι
389 4517 569 4604 ἀσφάλειαν,
590 4515 681 4614 ὥστε,
702 4519 784 4598 εἴπερ
807 4521 841 4580 τό
864 4517 923 4580 ἀπό
953 4522 1041 4581 τοῦδε
1070 4520 1112 4591 εἰς
1136 4524 1169 4583 τό
1198 4521 1266 4604 ἐξής
1294 4521 1456 4605 φωραθείη
1477 4525 1531 4582 τοῖς
