3262 5276
299 291 363 355 33⁰

303 499 373 560 μαι,
400 476 439 542 δι’
466 475 502 541 ού
527 482 581 541 παί
608 481 705 540 τάττω
731 482 785 541 παί
812 479 943 559 βεβαιῶ,
971 476 1023 540 ίνα
1050 477 1077 542 εί
1103 483 1157 542 παί
1182 479 1414 562 πεπλανημόνον
1440 475 1524 562 εἶχον

299 600 443 681 πρότερον
466 598 622 680 λογισμόν,
646 592 692 658 ύτι
716 595 784 679 όχει
804 607 907 668 πυσίίς
929 599 1064 681 μετοχήν
1086 615 1153 660 τινα
1176 593 1196 683 ἡ
1219 609 1276 660 τῶν
1291 597 1437 662 Παλαιὸν
1453 597 1524 661 Πα-
1617 623 1618 634 ¹

302 725 379 798 τρῶν
406 714 590 799 μητρόπολις
618 711 666 777 λττί
691 714 769 798 τῷδε
800 714 843 796 τηῖ
870 707 1076 800 μοναστηρίιρ,
1109 713 1178 778 ἀλλ’
1207 713 1261 778 οὖν
1292 715 1357 778 όπεί
1390 714 1526 799 ἐξήτασα

302 835 356 895 καί
389 829 475 914 εὗρον
508 830 659 914 ἀπριβῶς,
692 829 738 894 ότι
772 829 906 905 υύδόλως
937 837 1061 917 μετόχεε
1091 830 1111 918 ἡ
1141 837 1267 918 τοιαύτη
1296 804 1451 918 ἀπαλησία
1475 833 1529 896 ἐπὶ

302 951 407 1034 τούτῳ,
431 948 485 1012 ἅτε
507 951 545 1033 δή
569 948 689 1013 ἀνωθεν
712 945 900 1034 ὑποκειμένῳ
922 963 960 1036 ιη
981 962 1188 1036 πατριαρχιπη
1209 931 1359 1036 περιωπῇ,
1387 955 1442 1015 παί
1464 951 1530 1034 εἰμί

302 1065 363 1145 ἀγιό
384 1067 428 1140 εὶς
450 1077 538 1132 τούτο
561 1073 674 1152 μάρτυς
695 1071 752 1152 πρό
774 1079 831 1131 τῶν
855 1067 969 1150 ἄλλων,
981 1066 1071 1132 ούόὲν
1091 1073 1233 1152 πειραθῶ
1249 1072 1326 1153 μετὰ
1341 1073 1438 1132 ταότά
1452 1091 1529 1132 ποτε

300 1184 321 1272 ἢ
348 1190 479 1271 ζητήσαι
505 1185 525 1272 ἧ
552 1185 814 1271 ἀντιποιήσασύαι
840 1185 882 1260 ὡς
910 1189 1154 1272 μητρυπολιανού
1180 1189 1269 1252 τούόε
1296 1197 1350 1252 τού
1376 1209 1528 1271 πατριαρ-

301 1314 393 1388 χιιιού
420 1311 624 1390 μυναστηρίου
650 1313 704 1389 τῆς
731 1305 997 1391 Σπηλαιωτίσσης,
1021 1304 1103 1370 ἀλλὰ
1129 1306 1194 1390 ύχσι
1220 1309 1274 1391 τήν
1295 1309 1404 1370 τούτου
1425 1303 1528 1390 ήγου-

301 1427 423 1506 μενείαν
445 1421 491 1508 ἐφ’
514 1417 575 1514 ἀμφ
602 1433 655 1508 τής
682 1429 762 1508 ζωής
788 1445 861 1506 μου,
889 1428 944 1487 καί
970 1421 1159 1508 όπιμελῶμαι
1184 1435 1239 1509 τῆς
1266 1429 1441 1494 συστάσεως
1469 1429 1532 1487 παί

302 1543 491 1622 βελτιώσεως
524 1537 616 1605 αότού
643 1563 675 1604 τε
701 1546 756 1605 παί
782 1551 840 1606 τῶν
866 1545 1039 1626 προσόντων
1066 1539 1147 1626 αύτῷ
1169 1546 1253 1607 πατά
1283 1545 1337 1626 τήν
1363 1545 1532 1628 περίληψιν

300 1667 354 1722 τού
376 1658 590 1731 -ἀπολυόίντος
618 1682 671 1742 μοι
696 1667 797 1744 τιμίου
829 1662 1041 1739 σιγιλλιιύόους
1070 1665 1257 1746 γράμματος,
1284 1665 1446 1748 φροντίζων
1471 1663 1532 1724 παί

300 1786 355 1860 τῆς
377 1783 511 1863 ψυχιπής
537 1777 689 1864 ἀμελείας
714 1784 768 1842 παὶ
795 1775 934 1853 εύταάίας
960 1789 1018 1843 τῶν
1045 1791 1203 1865 μοναχων·
1232 1780 1259 1843 εί
1280 1781 1316 1842 ut
1337 1775 1427 1843 οόόὲν
1448 1799 1531 1843 συν-
1617 1835 1618 1838 ,

302 1899 430 1981 τηρηύῶ
453 1895 497 1968 είς
519 1898 573 1980 τήν
594 1904 750 1980 παροῦσαν
774 1919 832 1981 μου
855 1899 1009 1984 ίγγραρον
1031 1895 1198 1983 ὑπόσχεσιν
1215 1897 1398 1982 ἀποπληριῐιν
1416 1894 1531 1972 υόειος,

301 2013 354 2078 ἵνα
376 2013 578 2099 λαβάλλωμαι
600 2015 660 2080 ἀπό
683 2025 737 2101 τῆς
758 2013 960 2102 ήγυυμενείας
985 2025 1039 2080 τού
1060 2021 1198 2082 τοιούτου
1218 2025 1441 2101 πατριαρχιιιού
1463 2039 1530 2100 μο-

299 2138 475 2218 ναστηρίσυ.
509 2134 562 2197 όιά
588 2143 661 2212 γούν
689 2137 742 2219 τήν
769 2140 838 2218 περί
864 2138 972 2200 τούτου
1000 2139 1162 2218 βεβαίωσιν
1188 2135 1403 2220 λπιστευσάμην
1432 2131 1532 2218 αότήν

304 2251 495 2336 οὶτιιιοχείριρ
518 2241 689 2339 ἀπογραφή.
714 2259 816 2339 μηνί
851 2255 1100 2338 ίανουαρίιρ
1138 2256 1217 2318 ὶνύ.
1251 2255 1275 2328 ζ’
1306 2259 1336 2332 †.

387 2371 475 2452 †'O
508 2371 717 2436 Παλαιῶν
749 2373 931 2457 Πατρῶν
963 2373 1200 2458 Μακάριος
1232 2378 1262 2452 †.

531 2559 670 2624 CXLVI.
698 2563 940 2639 (6862-1354)
963 2560 1120 2626 februario
1145 2559 1209 2623 ind.
1228 2560 1294 2624 vn.

430 2699 557 2770 Βμσυάιιε
571 2703 757 2770 metropolitae
770 2703 912 2772 Ρερατιιοι
929 2703 1036 2771 confore
1048 2703 1217 2771 meropolim
1231 2702 1399 2771 Βοιοροίουσ.

388 2849 408 2922 †
429 2843 513 2909 Ἐπεί
534 2849 588 2907 καί
608 2848 647 2908 τὰ
669 2855 723 2930 τῆς
746 2844 918 2931 ἁγιωτάτης
934 2846 1150 2930 μητροπόλεως
1165 2845 1277 2930 Πηγῶν
1300 2843 1357 2909 ύπό
1380 2853 1434 2927 τῆς
1460 2843 1527 2906 ἐπι·

304 2968 430 3048 φυείσητ
451 2975 513 3034 τοῖς
539 2966 715 3047 πράγμασιν
742 2963 919 3048 ἀνωμαλίας
946 2969 1001 3028 καί
1028 2973 1081 3048 της
1109 2975 1167 3028 τάν
1193 2963 1316 3048 ἀχύρων
1344 2959 1527 3037 ὲπιθίστως,

303 3087 526 3168 παραχωρήσει
555 3087 632 3148 θευύ
665 3086 718 3148 διὰ
746 3087 869 3170 πλῆθος
891 3083 1056 3168 ἁμαρτιῶν,
1083 3083 1126 3155 εὶς
1153 3087 1186 3147 τό
1214 3071 1342 3167 μηόῖιμῆ
1375 3083 1529 3165 μηδαμῶς
1617 3095 1618 3140 ί

194 3249 196 3253 .
303 3203 486 3285 πατήντησε,
510 3206 563 3264 τισί
585 3199 649 3265 οὐδ’
673 3201 733 3266 ἀπό
755 3205 904 3287 λειψάνων
927 3206 1076 3288 δήτινων
1099 3202 1291 3284 λγνωρίζετο,
1315 3199 1331 3264 ό
1354 3201 1389 3263 ἀί
1412 3203 1528 3282 ταύτην
1617 3251 1618 3260 ,

304 3319 409 3402 λαχύν
432 3296 592 3403 λαρώτατος
615 3319 789 3404 ἀρχιερεύς,
813 3319 989 3405 ύπίρτιμος,
1018 3320 1177 3406 ἀγαπητός
1203 3315 1289 3405 ήμῶν
1314 3323 1396 3381 πατὰ
1422 3321 1529 3399 κύριον
1617 3369 1618 3428 η

305 3436 438 3524 ἀδελφός
460 3437 515 3502 παὶ
537 3439 777 3522 συλλειτουργός,
801 3437 837 3503 ού
861 3445 953 3524 μόνον
976 3440 1008 3502 ἐν
1031 3443 1175 3524 στερήσει
1194 3443 1248 3501 παί
1263 3435 1362 3502 αὐτῶν
1378 3446 1437 3500 τῶν
1451 3437 1528 3519 πρός
1617 3437 1618 3448 ’

303 3559 338 3618 τό
362 3561 415 3640 ίῆν
439 3555 615 3634 ἀναγκαίων
638 3556 819 3642 ἐτύγχανεν,
850 3557 917 3622 ἀλλ’
940 3554 1012 3622 υύύό
1034 3560 1270 3641 παταντήματυτ
1296 3563 1369 3632 γοῦν
1391 3550 1527 3634 εύπυρῶν
1617 3581 1618 3596 ι

304 3672 352 3758 ήν,
375 3675 544 3740 π’ντεύθεν
566 3680 761 3762 προμηθείας
784 3679 950 3748 συνυόιπιῐις
973 3672 1045 3759 ύπίρ
1068 3671 1161 3740 αύτυύ
1184 3678 1348 3756 γενομόνης
1373 3669 1428 3734 παὶ
1448 3673 1527 3754 πρό-

306 3813 407 3874 τερον,
437 3792 557 3870 ἒγίνετυ
584 3797 729 3878 συνοόιπή
755 3797 875 3878 πρᾶξις,
902 3791 980 3858 ὥστε
1006 3796 1089 3857 πατά
1114 3793 1207 3868 λόγυν
1234 3789 1398 3860 ἐπιδόσεως
1430 3793 1526 3851 πατί·
1573 3781 1575 3785 ’

304 3931 372 3992 χειν
395 3908 487 3976 αὐτόν
509 3914 561 3996 τήν
585 3911 757 3998 άγιωτάτην
780 3915 964 3998 μητρόπολιν
979 3913 1193 3985 Συίοπύλεως,
1216 3914 1342 3994 γνησίου
1357 3906 1526 3992 ἀρχιερίυτ

304 4028 507 4112 χηρεύουσαν,
532 4031 652 4116 ίόεήθη
675 4033 710 4094 δὲ
734 4031 842 4114 ἀρτίως
865 4029 881 4094 ό
905 4027 1014 4115 ῥηθείς
1035 4031 1196 4112 ίεριότατος
1214 4025 1385 4110 ἀρχιερεύς,
1406 4009 1457 4087 Ιἵνα
1473 4027 1526 4086 οιαὶ

306 4142 351 4236 ἐρ’
374 4142 435 4228 ὅρῳ
457 4156 511 4230 τήτ
540 4153 619 4232 ζωῆς
641 4146 735 4214 αύτού
760 4155 881 4234 πατίχη
907 4151 961 4233 τήν
988 4151 1129 4232 τοιαύτην
1157 4144 1329 4229 άγιωτάτην
1357 4143 1524 4227 όπαλησίαν

306 4265 522 4342 Σωίυπόλειυς,
545 4265 564 4352 ἠ
589 4273 750 4354 μετριότης
775 4266 861 4354 ἡμῶν
887 4271 965 4332 πάνυ
992 4290 1039 4330 τοι
1065 4269 1305 4350 προθυμουμένη
1332 4267 1386 4327 παί
1414 4263 1523 4344 βουλυ-

304 4389 381 4469 μίνη
402 4384 536 4466 Χριστοῦ
558 4389 661 4469 χάριτι
684 4387 859 4472 λιιιπυυρίαν
882 4387 1114 4452 λπιδείιινυσθαι
1127 4387 1197 4466 περί
1211 4384 1282 4454 τούς
1298 4379 1523 4465 ἀπυρουμίνυυτ

304 4511 361 4565 τῶν
385 4501 602 4588 ἀόπλρύν,περί
645 4506 697 4577 οός
719 4511 772 4570 καί
795 4509 828 4568 τό
852 4505 1109 4589 ἀππλησιαστιιιύν
1129 4506 1221 4587 χρίυς
1238 4500 1358 4564 ἀπαιτεῖ
1380 4499 1522 4580 μάλιστα,
