3262 5276
1244 313 1306 376 3⁴5

80 506 204 588 δρόμου
226 509 282 567 καί
304 505 468 586 βαπτιστοῦ
489 499 628 565 Ἰωάννου
650 497 861 583 εύρισκύμενοι
884 501 1025 584 μυναχοὶ,
1049 498 1066 564 ὅ
1088 523 1121 564 τε
1141 499 1305 585 ίερυμύνα·

81 645 140 708 χος
163 623 321 708 Ἦσύχιυς,
344 621 361 686 δ
384 621 584 704 ἱερυμύναχυς
597 619 769 694 Ματθαίυς,
792 619 808 682 ύ
830 619 1032 703 ἱερυμόναχος
1047 667 1228 688 ........
1251 625 1307 684 καί
1368 605 1370 610 ’

81 742 98 807 ό
121 746 267 828 μοναχῦς
289 743 443 810 Διονύσιος
466 739 638 824 ἀπίχθτισν
660 744 819 824 τρίροντες
845 744 900 802 καί
926 737 1198 824 ἀγνωμονησαντες
1224 745 1306 803 κατὰ

83 871 138 926 τοῦ
162 865 350 945 τιμιωτάτου
373 858 404 924 ἀν
427 857 641 943 ίερυμονάχυις
663 861 716 921 καί
738 859 977 940 καθηγουμίνου
1005 867 1059 942 της
1087 861 1228 942 τοιαύτης
1250 879 1305 920 σε·

83 984 226 1063 βασμίας
249 989 351 1064 μονῆς,
374 987 431 1061 κύρ
453 976 593 1062 Μάρκου,
616 978 757 1059 λοίδορον
779 981 833 1039 καί
857 980 1039 1062 συκοράντιν
1067 977 1211 1061 ἐκίνησαν
1236 973 1305 1039 κατ’

82 1096 179 1162 αύτοῦ
204 1099 358 1175 γλῶσσαν,
381 1096 482 1160 ίκείνα
503 1099 697 1167 κατειπόντες
721 1093 780 1158 ἀπό
802 1096 923 1166 κοιλίας
945 1099 983 1157 τὰ
1009 1097 1158 1178 διαβολῆς
1180 1093 1306 1178 ἀπάσης

80 1215 248 1300 ἀνάμεστα
269 1215 324 1280 καί
345 1213 415 1280 ούδί
439 1215 548 1287 ἀκυαῐς
571 1214 684 1279 ἀντκτά
705 1216 860 1300 ριλυθίων
886 1211 1010 1296 ἀνδρῶν.
1040 1211 1056 1276 ὁ
1084 1219 1138 1296 μίν
1161 1218 1220 1296 γὰρ
1248 1203 1306 1296 ῥη·

82 1339 153 1405 θείς
176 1333 325 1419 Ἡσύχιυς
346 1332 403 1398 ύπύ
425 1343 478 1397 τοῦ
506 1340 640 1418 σπυρίως
667 1345 725 1396 τῶν
753 1338 891 1405 ζιζανίων
918 1331 1141 1415 ἐνοχλούμενος
1169 1330 1305 1395 ἀνεπλά-

83 1475 161 1516 σατυ
183 1452 257 1516 κατ’
279 1451 371 1516 αύτοῦ
393 1455 431 1538 δη
453 1462 507 1516 τοῦ
529 1456 710 1536 τιμιωτάτου
731 1455 970 1536 καθηγουμίνυυ
985 1451 1128 1534 όγκλημα
1143 1453 1305 1512 καθοσιώ-

83 1594 161 1642 σεως
184 1577 242 1635 καί
265 1571 333 1636 ἀλλ’
355 1571 440 1646 ἄττα,
465 1570 541 1655 άπερ
564 1571 595 1634 ἀν
623 1572 663 1654 τῷ
691 1575 813 1653 παρόντι
841 1575 922 1634 κατὰ
949 1575 1039 1653 ρίρος
1065 1557 1304 1643 διιξιίναιόύθ

65 1729 67 1732 -
86 1688 170 1754 ὅσιον
194 1689 269 1754 υύτε
292 1693 418 1773 θεμιτόν
440 1687 533 1762 ὅλως·
556 1695 594 1752 τὰ
617 1685 695 1752 αύτά
716 1691 750 1752 δὲ
774 1699 869 1752 ταῦτα
883 1691 1116 1775 παρτρθὲγξατυ
1131 1692 1185 1751 καί
1207 1687 1223 1752 δ
1247 1711 1306 1770 μυ-

87 1813 185 1893 ναχός
201 1808 368 1880 Ματθαίος
390 1809 433 1880 είς
455 1812 508 1894 την
530 1811 672 1892 τοιαύτην
695 1806 822 1872 ἀτοπίαν
845 1821 897 1893 τῆς
919 1813 1140 1880 καθοσιῶστως
1162 1814 1307 1882 τείνοντα,

90 1927 130 1999 ἀς
154 1927 208 1990 ἀπ’
227 1924 321 1992 αύτοῦ
343 1929 439 2012 δῆθεν
462 1937 515 1992 τοῦ
537 1931 717 2012 τιμιωτάτου
739 1932 993 2013 καθηγουμίνοο,
1022 1926 1057 1992 ού
1082 1931 1140 2012 μὴν
1162 1929 1200 2011 δη
1224 1926 1306 1990 ἀλλά

87 2051 138 2108 καί
161 2045 179 2110 δ
202 2049 359 2132 δηλωθείς
374 2095 530 2112 .......
553 2059 590 2131 τη
612 2049 738 2131 τοιαύτη
761 2049 893 2132 διαβολη
916 2053 1134 2132 προσκείμενος
1155 2051 1209 2109 καί
1232 2067 1305 2109 συν-

88 2175 185 2245 εργῶν
212 2169 269 2227 καί
295 2167 473 2248 διερεθίζων
501 2161 611 2237 αύτούς
638 2165 750 2250 ύμοίως
771 2172 825 2229 καὶ
848 2165 864 2230 ύ
888 2170 1024 2250 μοναχύς
1039 2167 1195 2236 Διονύσιος
1210 2184 1306 2227 συκο-

87 2288 203 2368 ράντης
226 2281 269 2346 ἀν
290 2291 344 2348 καί
366 2287 543 2365 διαβολεύς·
566 2283 608 2356 ῶς
631 2285 800 2362 ἀναγκαίου
822 2291 919 2348 τοίνυν
946 2283 1032 2357 ὄντος
1054 2293 1107 2347 τοῦ
1128 2287 1309 2366 πράγματος

89 2377 227 2474 ἀξετιίσει
251 2400 371 2484 ἀκριβεῖ
391 2403 524 2486 δοθῆναι
546 2407 583 2467 τά
608 2409 675 2488 περί
701 2407 822 2479 τούτων,
844 2401 864 2488 ἡ
888 2407 1048 2488 μετριότης
1074 2399 1159 2486 ἡμῶν
1186 2403 1308 2483 σύναμα

87 2533 147 2593 τοις
170 2520 347 2604 ἱερωτάτοις
363 2520 537 2605 ἀρχιερεῦσι
551 2525 604 2586 καί
619 2520 799 2607 ύπερτίμυις,
817 2521 984 2607 ἀγαπητοῖς
999 2527 1080 2585 κατὰ
1094 2524 1195 2604 κύριον
1211 2518 1307 2582 ἀδελ-

90 2650 153 2722 ροίς
176 2637 274 2723 αύτης
296 2639 350 2703 καί
376 2641 631 2724 σολλειτοοργυίς,
659 2645 700 2723 τῷ
726 2665 756 2705 τε
779 2642 1009 2728 Φιλαδελφείας
1035 2645 1089 2704 καί
1116 2640 1157 2723 τῷ
1176 2639 1308 2704 Μελενί-

89 2775 153 2831 κου,
174 2763 335 2841 παρόντων
357 2764 409 2822 καί
433 2770 490 2822 τῶν
512 2759 632 2823 οἰκείων
655 2763 696 2843 τῷ
716 2766 868 2844 κρατίστῳ
890 2766 944 2824 καί
967 2759 1045 2842 ἀγίιρ
1069 2781 1127 2843 μου
1150 2755 1304 2842 αύτοκρά·

89 2895 159 2956 τορι,
183 2885 238 2940 τοῦ
264 2899 296 2940 τε
323 2881 498 2941 καθολικοῦ
524 2891 638 2962 κριτοῦ,
660 2889 718 2962 κύρ
740 2879 886 2964 Μανσυὴλ
909 2889 961 2942 τοῦ
984 2879 1144 2957 Ἀγγὲλου,
1170 2883 1221 2940 καί
1248 2887 1303 2940 τοῦ

91 3003 146 3076 κῦρ
163 3044 273 3059 .....
300 3007 353 3060 τοῦ
376 2995 546 3082 ἔξωτρύχυυ
573 2997 604 3062 ἐν
632 3011 670 3084 τη
696 3000 876 3083 δηλωθείση
903 3001 1060 3082 σεβασμίυγ
1086 3009 1177 3082 μονῇ,
1203 3017 1304 3080 παρα-

92 3117 240 3194 τυχόντων
262 3119 317 3176 καί
339 3113 446 3198 ἀτίρων
469 3113 525 3179 οὐκ
548 3115 658 3195 δλίγων
682 3117 836 3202 ἀρχόντων
859 3123 912 3181 καί
934 3117 1117 3200 ἐξωτερικῶν
1133 3115 1236 3200 τιμίων
1251 3119 1308 3178 καί

95 3227 258 3328 ἀξιολόγων
281 3244 434 3316 μοναχῶν,
458 3235 503 3298 ότι
525 3237 559 3299 δὲ
583 3241 848 3320 συνηθροισμένων
876 3236 968 3300 όντων
993 3241 1048 3299 καί
1073 3246 1131 3299 τῶν
1154 3235 1304 3298 ἀνασκυυ·

92 3355 183 3431 μόνων
205 3348 284 3436 αῦτη
308 3364 451 3436 μοναχῶν
473 3353 632 3436 ἁπάντων,
647 3354 781 3438 ἀκριβῶς
797 3355 967 3428 ἀξετοίσασα
989 3357 1059 3426 τούς
1075 3354 1212 3437 ἀνωτίρυ
1235 3352 1303 3416 κατ’

91 3465 183 3552 ύνυμα
204 3471 381 3555 εἰρημένους
402 3478 602 3556 κατηγόρους,
626 3474 690 3537 ἐπεί
713 3471 797 3556 εύρεν
825 3472 934 3545 αύτούς
959 3476 1119 3558 προδήλως
1145 3477 1302 3556 συκοφάν-

92 3607 141 3658 τας
161 3594 215 3651 καί
236 3593 528 3672 καταψευσαμένους
549 3594 698 3665 καθάπαξ
720 3603 773 3676 της
789 3592 953 3678 ἀληθείας,
978 3593 1037 3656 ἀπύ
1059 3603 1113 3677 τῆς
1135 3593 1305 3673 δυστρόπου

25 3743 29 3754 -
92 3710 141 3768 καί
162 3690 347 3793 κακοήθους
362 3711 485 3792 γνύμης
507 3707 605 3774 αύτῶν
628 3711 863 3783 ἀναπλάσαντας
886 3717 924 3775 τὰ
946 3723 1000 3796 της
1022 3713 1172 3794 τοσαύτης
1193 3711 1300 3792 διαβο·

94 3822 144 3906 λης
164 3827 218 3888 καὶ
240 3835 336 3888 ταῦτα
357 3831 438 3890 κατὰ
460 3838 513 3890 τοῦ
535 3841 726 3914 προεστῶτος
750 3836 803 3893 καί
824 3834 1064 3915 καθηγουμένου
1084 3826 1191 3906 αύτῶν,
1215 3828 1302 3916 ύρει·

93 3937 219 4020 λομίνυς
242 3945 361 4028 ίχυυσα
383 3956 420 4030 τη
442 3957 500 4009 τῶν
522 3951 615 4011 θείων
637 3953 690 4011 καί
713 3947 801 4032 ἱερῶν
827 3953 963 4012 κανόνων
991 3949 1208 4022 ἀξακυλυυθεῑν
1230 3949 1303 4012 δια-

95 4061 177 4136 τάξει,
192 4065 398 4135 θεστιξύντων
420 4067 474 4150 την
496 4069 721 4130 ταυτυπάθειαν
744 4067 917 4144 ἐπάγεσθαι
940 4047 1001 4140 τοῦς
1024 4077 1248 4154 συκοφαντοῦσι
1269 4065 1302 4130 ἀν

96 4187 149 4249 τοῖς
169 4186 326 4255 τοιούτοις,
354 4184 462 4261 διόγνω
488 4191 542 4248 καί
568 4186 753 4270 ἀπεφήνατο,
780 4189 1019 4270 καθῃρημένους
1042 4187 1195 4250 εἶναικαὶ
1223 4185 1301 4248 ἀετο-

97 4303 422 4384 ίιτυμνειμίνυυςτούς
444 4305 672 4388 διαληφθίντας
693 4309 839 4387 πρότερον
863 4304 1054 4389 ἱερωμένους,
1079 4303 1168 4368 αύτύν
1191 4325 1222 4365 τε
1245 4304 1298 4366 τόν

97 4409 236 4501 Ἦσύχιον,
260 4422 312 4482 τύν
333 4418 494 4484 Ματθαίον
511 4471 641 4485 ......
665 4433 718 4507 τῆς
741 4423 915 4508 ἱερωσύνης,
944 4421 1035 4488 αύτύν
1061 4425 1095 4486 δί
1118 4427 1169 4486 τόν
1191 4423 1300 4488 Διονύ·-

99 4551 155 4597 υιυν
178 4535 298 4612 ἀνάξιον
324 4544 377 4602 καί
404 4527 583 4623 Ι’ἀτρύιιυτον
620 4541 671 4614 τίς.
693 4545 743 4606 τύν
775 4553 827 4627 της
863 4543 1025 4626 ἱερωσύνης
1056 4545 1190 4626 βαθμύν·
1218 4545 1300 4604 κατα
