3282 5270
200 353 203 360 .
300 298 363 362 492

302 480 457 565 συλλαβὴν
479 479 499 566 ἦ
522 486 594 564 μίαν
615 483 742 563 κεραίαν
763 481 980 564 παροραθῆναι
1001 487 1059 542 τῶν
1080 483 1225 562 κιιμένων
1241 480 1411 564 δογμάτων,
1435 477 1517 543 ἀλλὰ

301 611 359 663 τῶν
392 597 598 680 ιύαγγολικιῑιν
620 622 653 663 τι
674 603 730 663 καί
752 595 962 663 ἀποστολικῶν
983 603 1038 662 καί
1058 609 1211 682 πατρικῶν
1236 605 1371 662 κανόνων
1394 621 1427 662 τι
1461 599 1518 663 καί

298 720 459 802 δογμάτων
481 724 536 784 καί
558 729 614 783 τῶν
638 716 775 803 ἀρχαίων
793 721 987 803 νομοθισιῶν
1001 722 1159 803 κειμένων,
1175 713 1259 781 ούτω
1274 725 1328 781 καί
1342 715 1425 803 ἡμᾶς
1440 721 1516 782 δού-

301 859 351 902 ναι
373 839 466 917 λόγον
485 835 558 922 ύκίρ
573 849 631 902 τῶν
645 843 852 922 προκειμένων
875 835 1062 902 ὑποθέσεων.
1086 839 1138 902 διά
1159 847 1247 902 τούτο
1269 843 1323 902 καί
1344 844 1447 910 πάσας
1461 857 1518 902 σου
1569 825 1572 830 ¹

299 957 442 1028 δουλείας
464 956 560 1042 ἀφιίς,
583 955 655 1022 ύσαι
676 960 730 1019 καί
753 955 816 1028 οἷαί
838 955 906 1032 τίσι,
922 961 976 1020 καί
989 960 1090 1020 πάντα
1110 961 1149 1021 τὰ
1164 961 1350 1040 κροκιίμινά
1372 979 1423 1020 σοι
1444 959 1517 1020 δεύ-

297 1097 373 1158 τιρα
403 1079 536 1158 θέμινος
568 1085 621 1140 τοῦ
648 1074 723 1157 πυρὶ
756 1071 913 1156 ιύσιβιίας
945 1075 1054 1154 λόγου,
1090 1077 1263 1140 σπούδασον
1289 1079 1378 1146 ,κατὰ
1411 1085 1515 1138 πάσαν

297 1193 435 1279 ἀνάγκην
456 1195 642 1277 καταλαβιῑν
664 1192 798 1258 ένταύθα
826 1198 904 1277 μττά
935 1205 994 1258 τῶν
1027 1193 1084 1258 ύπό
1116 1199 1158 1258 αδ.
1184 1198 1303 1264 πάντων
1336 1193 1516 1278 ἀρχιερέων,

298 1314 377 1378 ἔνθα
399 1318 458 1397 γάρ
481 1315 546 1377 έστι
568 1313 585 1378 ύ
606 1318 674 1397 περί
695 1309 853 1395 τύσιβιίας
874 1317 929 1377 καί
952 1319 1021 1398 κομί
1051 1319 1181 1386 πίατοως
1201 1289 1295 1392 λόγος
1317 1315 1513 1397 προηγούμι-

295 1453 356 1504 νος.
378 1436 477 1496 πάντα
498 1434 544 1495 διί
564 1433 770 1514 παραβλέπων
790 1435 841 1498 τόν
862 1435 936 1516 πρός
952 1432 1104 1517 ἀλήθειαν
1124 1433 1284 1514 βλέποντα.
1307 1430 1440 1517 όφτίλιις
1463 1431 1515 1496 οὖν

295 1551 483 1632 καταλαβτῐν
506 1551 589 1622 ἐντός
611 1559 665 1635 της
686 1556 873 1636 τοταγμόνης
888 1553 1022 1635 διωρίας,
1044 1550 1219 1636 ἀρχομένης
1242 1549 1301 1614 ἀπό
1324 1559 1377 1615 τοῦ
1398 1555 1515 1634 παρόν-

296 1691 347 1741 τος
367 1669 481 1733 ίουνίου
503 1672 598 1755 μηνός
619 1679 673 1753 τῆς
695 1667 892 1754 ἀνισταμένης
913 1669 936 1732 ι’
955 1670 1144 1742 ὶνδικτιωνος
1169 1675 1262 1753 μέχρι
1290 1675 1345 1732 καί
1371 1671 1513 1754 σομπλη·

295 1807 385 1871 ρωσιν
407 1793 523 1872 χρόνων
544 1790 609 1857 δύο
643 1787 697 1852 ἐὰν
724 1789 771 1858 δέ,
791 1789 1011 1874 παριλθούσης
1043 1797 1097 1874 της
1118 1789 1262 1872 τοιαύτης
1295 1790 1421 1872 διωμίας
1456 1785 1512 1852 ούκ

296 1906 377 1990 ἔλθη
399 1902 419 1990 ἡ
442 1904 595 1991 ἀγιωσύνη
619 1928 685 1982 σου,
707 1904 794 1992 ἡμεῖς
817 1902 919 1970 οὐκέτι
942 1909 1093 1991 μέλλομεν
1108 1913 1286 1991 πιριμένιιν,
1308 1911 1368 1970 ,καί
1389 1910 1471 1990 πόση
1493 1903 1513 1990 ἡ

294 2030 389 2108 ζημία
411 2023 483 2100 έστί,
505 2029 585 2108 πόση
609 2027 720 2109 βλάβη,
742 2030 823 2109 πόση
844 2029 919 2108 πρός
942 2029 1058 2096 τούτοις
1081 2025 1197 2108 ἀτιμία,
1222 2028 1364 2088 τοιούτοιν
1386 2047 1512 2109 προκοι-

294 2149 391 2226 μίνων
413 2143 589 2222 ἀναγκαίων
612 2143 875 2228 ὲκκλησιαστικῶν
898 2141 1075 2208 ύποθέστων
1096 2144 1323 2230 ἀπολειφθῆναι
1344 2146 1399 2228 την
1415 2142 1512 2223 ἀγιω-

294 2266 386 2348 σύνην
419 2285 474 2340 σου
496 2273 549 2347 τῆς
571 2266 714 2346 τοιαύτης
738 2261 912 2348 έπωφτλοδς
935 2265 1149 2337 ουνελούσεως,
1175 2261 1276 2345 ὥσπερ
1302 2261 1367 2326 ἐπεὶ
1401 2264 1511 2350 έλθης,

292 2385 373 2467 πόση
396 2383 466 2465 τιμη
488 2386 543 2444 καί
564 2382 648 2456 δόξα,
670 2385 766 2442 πόσον
787 2382 897 2462 κέρδος
919 2385 973 2444 καί
996 2385 1077 2465 πίση
1100 2379 1233 2466 ἀφέλεια
1260 2381 1348 2444 ἔσται
1381 2385 1436 2443 καί
1469 2380 1511 2452 τίς

292 2501 345 2584 την
379 2497 549 2584 ἁγιωσύνην
582 2521 650 2562 σου.
670 2504 723 2562 καί
745 2497 788 2570 τίς
810 2499 881 2571 τούς
904 2495 1138 2583 ιύρισκομένους
1165 2496 1276 2562 αύτόθι
1308 2501 1511 2582 χριστιανοός.

291 2619 493 2682 σπουδασάτω
515 2624 613 2688 τοίνυν
636 2613 713 2702 αύτη
736 2617 907 2704 ἀφικέσθαι
933 2621 1083 2695 ἐνταῦθα,
1106 2622 1205 2682 πάντα
1226 2621 1265 2681 τὰ
1287 2617 1370 2681 ἄλλα
1393 2617 1511 2682 έλάττω

291 2741 422 2820 θίμινος
444 2747 498 2822 τῆς
520 2740 664 2823 τοιαύτης
686 2733 877 2813 ἀποθέσεως,
900 2743 1073 2815 γινωσκέτω
1095 2739 1130 2800 δέ
1152 2735 1172 2822 ἡ
1196 2735 1349 2821 ἁγιωσύνη
1374 2757 1441 2812 σου,
1466 2735 1513 2802 ὅτι

290 2855 343 2938 τήν
365 2851 436 2931 ύγιᾱ
457 2860 512 2918 καί
534 2853 700 2940 ἀμώμητον
722 2861 820 2918 πίστιν
842 2857 971 2939 κοίτην
994 2853 1152 2937 ούσίβοιαν
1174 2853 1259 2941 ἡμῶν
1281 2853 1398 2918 καὶ-τὰ
1424 2851 1511 2937 ἀρθά

290 2975 402 3057 ταύτης
424 2973 565 3056 δόγματα
587 2971 665 3038 οὕτω
687 2975 882 3058 φυλάσσομεν
901 2977 958 3050 καί
979 2968 1075 3052 οὕτως
1098 2973 1211 3057 ἔχομέν
1236 2977 1290 3042 καί
1311 2969 1330 3057 ἡ
1355 2970 1509 3056 έκκληοία

288 3095 342 3156 καί
363 3088 383 3175 ἡ
407 3093 558 3172 βασιλεία,
590 3089 691 3176 ύσπτρ
714 3097 768 3156 καί
788 3095 936 3175 πρότιμον
958 3091 1094 3175 τίχομιν,
1116 3097 1171 3156 καί
1194 3091 1238 3179 μὴ’
1260 3091 1426 3176 κιστιύσης
1448 3091 1510 3155 τισὶ

291 3208 432 3285 λέγουσιν
453 3209 615 3293 ἴσως-περί
636 3208 721 3294 ἡμῶν
744 3209 874 3289 ένοιντία,
898 3207 965 3273 ἀλλ’
988 3206 1066 3274 ούτω
1081 3211 1272 3294 διακείμεθα
1286 3214 1353 3291 πιρί
1374 3213 1413 3272 τὰ
1427 3206 1511 3292 όρθά

288 3331 343 3390 καί
366 3325 472 3411 ἀληθη
494 3333 561 3410 πτρί
582 3333 660 3393 θεοῦ
682 3331 832 3413 δόγματα,
854 3334 908 3392 καί
931 3325 1026 3400 ούτως
1049 3328 1139 3412 ἐσμίν
1159 3333 1214 3393 καί
1228 3337 1289 3413 νύν,
1312 3326 1414 3408 ύσπιρ
1430 3325 1509 3412 ἧμιν

289 3449 343 3508 καί
375 3451 532 3529 πρότερον,
567 3451 621 3509 καί
644 3452 701 3530 γὰρ
725 3445 802 3511 υύτω
825 3453 1079 3535 συντφωνησαμον
1102 3451 1259 3531 μετὰτῶν
1282 3457 1420 3530 μηνυτῶν
1455 3455 1507 3513 τοῦ

287 3563 391 3640 Πάπα,
412 3563 472 3641 ἵνα,
496 3563 548 3626 έίιν
571 3577 651 3650 φανῇ
674 3569 708 3628 τύ
730 3563 876 3650 ἡμέτερον
898 3568 999 3648 δόγμα
1022 3563 1052 3630 έν
1075 3577 1112 3648 ιη
1128 3567 1246 3648 συνόδιρ
1262 3565 1322 3628 ἀπό
1338 3575 1395 3628 τῶν
1411 3563 1506 3629 θείων

287 3694 410 3770 γραφῶν
432 3695 564 3768 κριῑττον
587 3683 803 3760 τιῖινΛατίνων,
827 3685 960 3766 ἔλθωσιν
983 3681 1093 3746 ἐκείνοι
1115 3683 1185 3768 μέθ’
1206 3680 1366 3768 ἡμῶνκαὶ
1388 3681 1505 3766 όμολο·

288 3805 433 3885 γήσωσιν,
455 3799 558 3884 ύσπιρ
580 3802 710 3885 λέγομεν
731 3798 827 3887 ἡμεῖς.
848 3806 1021 3894 θαρροῦμεν
1036 3804 1070 3864 δέ
1094 3803 1138 3885 τηῐ
1158 3802 1234 3886 θεῷ,
1256 3799 1303 3864 ύτι
1318 3798 1397 3864 οὕτω
1413 3775 1504 3886 γένηζ

287 3940 382 3994 αιται,
405 3931 443 4004 τῇ
466 3918 563 4019 αὐτού
581 3921 715 4003 βοηθοίη
735 3926 788 3984 καί
810 3925 921 4005 χάριτι.
946 3919 1078 4002 ἀκριβῶς
1098 3919 1150 3984 ούν
1170 3921 1435 4006 πληροφορήθητι,
1458 3918 1504 3984 ότι

285 4032 381 4108 ούτως
403 4036 479 4100 εἶναι
501 4047 605 4114 ταῦτα,
629 4036 670 4108 ύς
693 4043 848 4124 γράφομεν
865 4051 901 4123 τη
918 4037 1072 4122 ἀγιωσύνη
1089 4060 1153 4102 σου.
1178 4041 1316 4115 γινέσθω
1338 4035 1391 4100 οὖν
1415 4035 1501 4114 οὕτω,
1627 4053 1628 4066 ’

285 4157 394 4226 καθὼς
427 4141 663 4242 καραδηλούμτν
686 4153 774 4240 αὐτῇ,
796 4155 847 4218 ἵνα
868 4159 1032 4240 καταλάβῃ
1057 4153 1234 4240 ένταϋθαὴ
1269 4154 1424 4240 ἀγιωσύνη
1447 4177 1501 4221 σου

286 4277 362 4356 μιπά
395 4283 452 4335 τῶν
487 4271 543 4336 ύπό
566 4279 601 4338 σί
624 4275 790 4360 ἀρχιερέων
812 4279 945 4356 πάντων,
979 4273 1042 4337 ἐπεὶ
1064 4279 1202 4339 τοιαῦταί
1225 4275 1301 4339 τίσιν
1335 4265 1500 4352 ἀναγκαῖαι

284 4395 338 4456 καί
360 4389 558 4474 ἀπαραίτητοι
581 4391 613 4453 αἱ
631 4399 829 4476 προκιίμινοιι
844 4391 1099 4476 έκκλησιαστικαί
1121 4391 1294 4466 ύποθέσιις.
1318 4391 1334 4456 ό
1357 4397 1499 4472 πανάγα-
