3258 5282
1239 307 1302 372 399

81 486 255 556 πολυειδῶν
278 485 411 570 ἀνιαρῶν
433 509 466 550 τι
488 485 542 552 καί
564 489 708 573 θλίψεων,
730 493 785 554 καί
807 489 861 572 την
887 489 1077 574 βαρβαρικὴν
1102 491 1214 574 ταύτην
1236 487 1303 554 ἀτι-

78 609 232 688 κειμόνην
253 605 324 690 ἡμίν
345 606 509 682 καταιγίδα
531 603 574 678 είς
597 605 721 690 αἰθρίαν
747 581 970 690 μεταποιησειε.
999 609 1209 691 σοντηρηθητε
1230 615 1304 685 γοῦν

76 719 221 794 δκαστος
243 719 391 805 ύμιῦνιίς
412 726 464 786 τόν
489 732 543 786 τοῦ
568 725 646 788 θιοῦ
673 725 784 810 φόβον,
810 727 865 788 καί
892 722 1051 808 ἀπίχεσθε
1078 734 1136 788 των
1163 727 1306 788 τοιούτων

77 838 218 915 ἀτόπων,
251 844 435 924 παρανόμων
460 846 514 904 καί
543 839 663 927 ἀνήβων
690 847 901 918 συνοικεσίυν,
926 841 978 906 ἵνα
1002 847 1058 906 καί
1090 839 1110 926 ἡ
1142 851 1196 907 τοῦ
1227 845 1305 908 θεοῦ

74 959 176 1038 ’χάρις
199 957 248 1041 εἴη
270 962 348 1040 μετὰ
367 962 486 1022 πάντων
508 955 591 1042 ύμῦν
613 963 642 1038 †.

513 1145 670 1210 CLXXV.
693 1143 769 1210 Sino
788 1167 875 1208 anno.

401 1285 592 1354 Metropolitae
610 1286 694 1340 Sidus
709 1288 816 1340 ίύίίενσα
830 1287 987 1340 mutinae.

171 1426 195 1489 1.
226 1429 245 1503 γ*
282 1427 571 1492 Διδασκαλία
608 1430 1303 1515 τούμητροπολίτοοΣίδης,γό-

74 1566 230 1627 μσοσα
258 1551 403 1630 πάσης
429 1549 724 1629 δυσσεβείας,
756 1551 862 1630 πρὸς
890 1551 962 1611 τύν
988 1557 1062 1632 τῆς
1084 1551 1302 1632 μητροπό·

74 1665 194 1735 λαως
228 1661 362 1727 αύτυῦ
397 1663 710 1731 ἀποσταλεῖσα
742 1669 1069 1754 χαρτοφόλακα
1102 1671 1131 1746 †.

166 1785 189 1858 γ
221 1781 272 1844 Ἐν
298 1783 376 1864 ἀγίφ
401 1784 547 1865 πνεύματι
574 1783 618 1847 υἱλ
646 1794 700 1868 τῆς
721 1780 807 1868 ἡμῶν
828 1787 1055 1869 ταπεινότητος,
1088 1785 1213 1869 φίλτατε
1247 1787 1302 1848 καί

71 1899 244 1973 κάλλιστε,
279 1903 463 1963 σονετιύτατι
490 1907 543 1964 καί
576 1903 752 1989 φιλόχρισττ
783 1905 836 1964 καί
873 1903 1072 1985 ριλεπίοκοπε
1102 1906 1157 1964 καί
1188 1905 1302 1974 παντὸς

73 2015 209 2092 ἀγαθοῦ
243 2016 335 2099 ἔργου
367 2017 481 2101 ἀργάτα
513 2025 567 2083 καί
599 2025 726 2104 μότοχε,
759 2027 816 2102 κύρ
846 2019 994 2094 Νικόλαε,
1030 2021 1225 2104 χαρτορύλαξ
1248 2029 1301 2104 της

75 2134 258 2220 ἁγιωτάτης
281 2140 495 2222 μητροπόλεως
517 2139 619 2223 Σίδης.
652 2137 750 2215 κάγιά,
784 2136 801 2201 ό
834 2138 1057 2221 μητροπολίτης
1079 2136 1096 2200 ύ
1119 2141 1187 2212 σύς,
1221 2142 1302 2201 κατά

73 2264 202 2338 πνεῦμα
222 2258 332 2340 πατὴρ,
355 2268 489 2340 χαιριτιῦ
512 2263 565 2320 καί
588 2255 705 2334 εύλογιῦ
727 2260 780 2318 καί
802 2255 937 2340 εὔχομαί
956 2251 1006 2318 αόι
1021 2254 1081 2320 ἀπό
1096 2259 1174 2318 θεοῦ
1188 2259 1302 2339 πατρός

73 2377 132 2434 καὶ
154 2379 263 2454 κυρίου
285 2371 370 2458 ἡμῶν
392 2374 491 2459 Ἰησοῦ
513 2376 645 2458 Χριστοῦ
666 2378 917 2457 παντοκράτορος
939 2379 1084 2438 παντοίαν
1107 2371 1223 2451 ύγιιίαν
1247 2373 1302 2436 καὶ

76 2493 262 2574 σωματικὴν
288 2491 343 2554 καὶ
370 2496 512 2576 ψυχικήν.
544 2491 783 2576 εὐχαριστοῦμεν
812 2496 867 2554 καί
897 2489 1208 2576 ύπιρτοχαριστοῦμόν
1241 2513 1300 2565 σοι,

76 2608 127 2674 ὅτι
150 2613 191 2672 τά
212 2607 283 2691 παρ’
303 2605 388 2692 η’μιῦν
411 2631 460 2672 σοι
482 2613 656 2694 μηνυθίντα
678 2608 856 2694 ἀπληρυσας
877 2610 961 2672 καλά
983 2612 1036 2670 καί
1056 2610 1222 2692 προθύμως
1246 2612 1303 2672 καί

77 2723 174 2788 ούδλν
206 2726 346 2807 παρείδτς
371 2725 391 2810 ἢ
419 2725 679 2812 δκατεφρόνησας·
709 2724 776 2789 ἀλλ’
806 2723 858 2788 ούν
885 2723 902 2788 ὁ
931 2724 962 2789 λν
990 2723 1033 2788 ἀνί
1058 2727 1163 2795 πιστύς
1188 2731 1242 2788 καί
1269 2725 1318 2787 ἓν·

77 2847 172 2906 παντί
200 2847 317 2918 πιστύς,
344 2847 427 2906 κατὰ
453 2847 506 2927 την
532 2849 623 2909 θείαν
650 2848 782 2930 γραφὴν,
809 2846 899 2930 ρίλου
925 2849 983 2928 γὰρ
1008 2853 1115 2908 πιστοῦ
1142 2841 1199 2908 ούκ
1222 2845 1303 2908 ἔστιν

79 2960 273 3044 ἀνάλλαγμα
295 2973 353 3024 τιῦν
376 2959 468 3024 ὄντων
491 2958 589 3038 ούδίν,
613 2968 694 3026 κατὰ
716 2965 749 3025 τύ
771 2965 956 3039 θεολογικόν
979 2958 1080 3047 ῥητόν.
1102 2962 1245 3047 ἔφθασαν
1268 2964 1303 3024 δύ

79 3078 224 3142 ἐνταῦθα
244 3083 318 3162 πρός
340 3077 422 3163 ἡμᾶς
445 3079 477 3142 αἱ
499 3085 613 3166 γραφαί
636 3102 691 3144 σου
716 3085 770 3144 καί
796 3079 896 3142 ἄλλων
923 3091 1008 3142 τινων
1036 3080 1072 3142 όκ
1095 3092 1152 3143 τόν
1175 3077 1303 3144 αύτύθι·

80 3200 213 3282 γράρτις
235 3195 363 3260 οῦν-καί
385 3201 518 3282 μηνύεις,
541 3195 587 3260 ὅτι
608 3199 697 3261 πάλιν
719 3202 758 3260 νά
772 3198 914 3281 ἔλθοιμεν
932 3195 1057 3260 αὐτόθι·
1081 3196 1184 3260 ἱνεκτν
1207 3207 1301 3270 τίνος;

80 3326 146 3386 πᾶς
170 3318 230 3396 γάρ
251 3313 422 3397 ἄνθρωπος,
446 3313 521 3378 ὅπου
543 3311 672 3398 ὑπάρχει
692 3323 750 3376 ποῦ
774 3313 816 3385 τίς
838 3319 927 3378 τόπον
950 3318 1030 3387 τινὰ,
1054 3312 1093 3376 δι’
1116 3313 1214 3377 αἰτίαν
1236 3321 1304 3378 τινά

80 3432 175 3506 ὶέναι,
199 3432 258 3494 εἴτε
273 3430 391 3517 ἀρελτί,
413 3433 471 3494 εἴτε
487 3430 656 3516 ἀφελεῖται,
673 3430 737 3520 ἐγὼ
751 3436 810 3514 γὰρ
827 3431 896 3493 οἶδα
910 3433 1014 3501 καλῶς
1029 3435 1082 3494 καί
1099 3429 1241 3513 ἀκριβῶς,
1259 3429 1306 3494 ὅτι
1434 3485 1437 3491 .

82 3549 117 3623 ἐξ
134 3549 211 3632 ἐμοῦ
227 3555 299 3632 μίαν
314 3555 367 3612 καί
390 3554 484 3634 μόνην
500 3548 648 3634 ἀφέλειαν
667 3553 799 3632 ψυχικήν
814 3572 846 3612 τε
863 3554 916 3612 καί
933 3549 1107 3631 σωματικὴν
1123 3545 1179 3610 ούκ
1195 3547 1305 3632 εἴχετε,

82 3672 138 3730 τόν
154 3665 276 3730 ἅπαντα
298 3670 404 3749 καιρόν
426 3672 479 3728 καί
494 3671 605 3749 χρόνον
620 3670 800 3750 καθήμενος
816 3665 909 3748 ἀργός
925 3665 1012 3736 ἐκτός
1031 3669 1165 3748 θεωρίας
1181 3665 1304 3751 ἀνθρύ-

83 3807 150 3848 πων
172 3789 227 3848 καί
249 3782 371 3866 ὁμιλίας
394 3784 436 3854 τίς
458 3787 492 3846 τό
507 3785 630 3846 κελλίον
645 3793 698 3867 τῆς
715 3785 940 3868 μητροπόλεως,
963 3787 1108 3866 καθάπερ
1123 3789 1189 3848 τινα
1204 3786 1305 3870 δεινην

86 3904 239 3988 ρολατιήν,
255 3900 409 3986 ἀμέτοχος
422 3878 688 3986 πάντηιλνιργείας
702 3906 756 3964 καί
766 3902 906 3972 δουλείας
923 3900 1150 3986 ἀρχιερατικῆς,
1167 3900 1305 3987 ὀχλήσε-

87 4043 129 4084 ων
151 4023 187 4082 δύ
211 4023 265 4082 καί
287 4021 467 4083 σκανδάλων
482 4025 536 4082 καί
550 4030 692 4103 ταραχιῦν
708 4024 830 4102 μυρίων,
849 4027 906 4082 ποῦ
923 4023 976 4101 μὲν
993 4017 1029 4080 ἐκ
1044 4029 1101 4082 τῦν
1116 4033 1306 4102 χριστιανιῦν,

88 4151 147 4204 τοῦ
161 4140 197 4200 δὲ
216 4137 252 4200 ἐκ
267 4149 324 4200 τάν
342 4137 444 4200 ἀθέων
459 4138 645 4222 Ἀγαρηνῦν,
668 4141 812 4218 καθάπερ
831 4138 934 4198 πλοῖόν
954 4158 982 4198 τι
997 4140 1087 4220 τυχόν
1109 4135 1139 4199 ἐν
1155 4143 1238 4222 μόσιρ
1254 4149 1306 4224 τῆς

89 4259 256 4340 θαλάσσης
279 4261 333 4318 καί
354 4258 604 4339 κλυδονιζόμτνον
625 4251 681 4318 ύπύ
703 4253 820 4336 ἀνέμων
841 4253 990 4328 ἐναντίων,
1011 4257 1148 4334 βιάζεται
1165 4258 1199 4317 δὲ
1219 4257 1307 4320 παντί

90 4381 190 4459 τρύπιρ
207 4373 224 4437 ὀ
241 4373 403 4458 ἐπιστάτης
419 4385 472 4436 τοῦ
485 4375 592 4436 πλοίου
608 4381 660 4436 τοῦ
673 4373 857 4455 κυβερνῆσαι
867 4371 922 4434 καί
934 4371 1143 4454 ἐλευθερῶσαι
1154 4375 1188 4434 τύ
1202 4375 1306 4436 πλοῖον
1345 4355 1349 4362 ’

92 4492 125 4555 ἐκ
148 4503 203 4576 της
226 4495 369 4574 τοιαύτης
396 4492 512 4574 πολλῆς
539 4494 606 4572 βίας
633 4493 686 4552 καί
715 4488 866 4573 ἀνάγκης,
895 4489 922 4551 οἱ
951 4492 985 4552 δὲ
1013 4492 1066 4552 σύν
1094 4488 1176 4572 αύτῷ
1199 4499 1307 4554 ναῦται
