3256 5272
1243 327 1306 391 αδδ

73 513 168 597 δῆλον
190 511 270 599 θεόρ
290 522 346 598 τῆς
368 509 529 595 ιόσιβείας
556 511 768 597 όνδειίαμόνην
794 513 951 596 θιοστεφή
979 509 1123 592 βασιλίδα
1149 513 1227 592 μετὰ
1248 521 1302 575 τοῦ

72 630 314 717 όρασμιτιτάτοσ
334 631 401 697 σίοό
423 629 527 718 αόιης,
549 640 603 696 τοό
625 638 776 716 κραταιοδ
796 633 852 696 καί
873 628 963 708 άγίοο
977 625 1063 713 ἡμῶν
1078 625 1229 693 αόθίντοο
1243 633 1301 696 καί
1432 655 1434 662 ·

72 749 827 836 βασιλόιες,κοροό’1ιοάννοοτοόΠαλαιολόγοο,
855 748 901 811 δτι
922 769 954 810 τε
979 750 1033 810 καί
1054 747 1108 830 την
1130 749 1303 832 σύγκλητον

69 876 177 931 πάσαν
208 875 289 952 μετά
314 881 373 932 τῶν
400 879 455 954 της
480 869 640 939 πολιτείας
665 867 828 951 λκκρίτιιν,
855 865 937 928 ἀλλὰ
963 866 1000 949 δὴ
1028 870 1083 928 καί
1108 867 1178 937 τούς
1201 886 1303 932 σοντι·
1330 895 1332 900 ·

71 987 250 1069 λεγμόνοος
272 986 395 1072 ότόροος
415 991 547 1064 πάντας,
569 985 849 1072 όκκλησιαστικούς
870 1006 903 1047 τι
925 984 1063 1062 λογάδας
1088 988 1144 1047 καί
1169 993 1226 1048 τῶν
1249 981 1303 1048 εό-

70 1107 276 1188 λπβεστάτιιν
303 1105 549 1190 άιρχιμανδριτείν
574 1109 629 1168 καί
655 1102 832 1190 ἡγοομίνον
857 1107 912 1166 καί
936 1112 1082 1186 μοναχείν
1110 1107 1165 1166 καί
1191 1105 1304 1183 λογίιιν

73 1224 195 1310 ἀνδρῶν
220 1222 281 1288 οόκ
302 1223 427 1302 όλίγοος
447 1267 1303 1287 ...................................

73 1509 312 1526 ..........
328 1463 538 1547 ίιικηρόκτοος
560 1458 720 1547 όγγράρικς
735 1463 789 1523 καί
804 1457 1071 1542 ἀποτετμημόνοος
1086 1465 1141 1542 της
1154 1465 1208 1522 τού
1223 1461 1304 1524 θιοό

73 1582 259 1666 καθολικης
278 1585 335 1645 καί
357 1579 564 1665 ἀποστολικης
585 1577 765 1664 λκκλησίας,
789 1575 843 1641 ἅττ
865 1577 1025 1657 δοσσιβείς
1040 1577 1209 1651 σονοδικῶς
1225 1575 1304 1642 ἀνα-

72 1702 265 1784 κεηηνότας,
281 1698 458 1764 Ἀκίνδονον
480 1701 535 1762 καί
555 1700 626 1768 τούς
647 1694 716 1761 κατ’
739 1692 830 1759 αότόν
853 1694 897 1766 τίς
918 1699 1089 1769 κοινωνίαν,
1105 1691 1141 1758 σύ
1164 1717 1303 1780 μεταμε-

73 1818 262 1902 λοομίνοος,
293 1819 412 1902 μάλλον
443 1817 480 1880 u
510 1819 566 1880 καί
595 1813 818 1899 κροστιθόντας
848 1825 887 1898 τη
917 1813 1083 1894 δοσσιβεία
1106 1817 1304 1898 προσόμκνον,

75 1937 144 2009 τοός
167 1936 197 2001 δ’
222 1933 549 2020 ότιραγονισαμόνοος
571 1943 626 2018 της
651 1929 720 1996 κατ’
749 1928 907 2013 τόσίβιιαν
929 1931 1084 2016 ἀληθείας
1105 1936 1160 1996 καί
1182 1933 1305 1996 σονοδι-

75 2063 137 2124 a&
160 2052 214 2117 όπί
238 2055 334 2137 ταύτη
357 2055 597 2125 δικαιαθόντας,
623 2052 676 2113 τόν
702 2047 861 2133 είρημόνον
887 2050 1032 2132 δηλονότι
1056 2051 1114 2132 κύρ
1136 2047 1305 2134 Γρηγόριον

76 2177 125 2235 τόν
147 2173 310 2256 Παλαμσν
336 2177 391 2235 καί
418 2173 489 2242 τοός
516 2169 582 2242 οίος
605 2165 696 2240 αὐτός
715 2168 900 2250 παραλόγως
922 2189 959 2230 τε
976 2171 1032 2230 καί
1054 2165 1202 2250 ἀθίσμας
1224 2165 1305 2233 ἆτο-

77 2294 273 2378 βαλλόμίνον
295 2333 1027 2355 ..............................
1044 2315 1051 2348 ’.
1070 2333 1305 2352 ..........

80 2451 1140 2474 ...........................................
1157 2403 1185 2468 τί
1205 2405 1240 2468 δό
1263 2409 1305 2492 μη

79 2531 328 2613 μεταμοληθείη,
351 2531 407 2589 καί
427 2529 467 2588 τά
487 2527 606 2608 πονηρὰ
620 2532 717 2587 ταότα
738 2529 793 2586 καί
815 2524 949 2607 δυσσεβῆ
972 2526 1026 2586 καί
1049 2519 1207 2586 ἀλλόκοτα
1229 2524 1306 2602 δόγ-

82 2671 165 2730 ματα
191 2651 251 2712 καί
271 2647 342 2716 τούς
368 2649 487 2716 τούτοις
514 2643 700 2726 όμμίνοντας
727 2647 859 2726 γνησίοις
887 2639 1095 2723 ἆποβάλλοιτο
1127 2641 1167 2704 δι’
1188 2641 1308 2710 οίκιίοο

80 2767 228 2849 λιβόλλοο
249 2767 332 2828 κατὰ
354 2765 408 2848 την
428 2764 527 2826 πάλαι
553 2761 778 2844 ἰπικρατοόσαν
806 2763 856 2824 όιτί
877 2771 939 2832 τοίς
965 2755 1113 2834 τοιούτοις
1136 2759 1308 2850 ύκκλησια-

78 2889 188 2970 στικὴν
209 2884 396 2968 παράδοσιν,
423 2886 478 2944 καί
499 2875 676 2963 ἄναθόματι
696 2889 804 2944 τοῦτον
824 2879 1122 2962 καθοποβάλλομεν,
1148 2877 1192 2954 εἰς
1213 2887 1269 2946 καί
1290 2883 1309 2949 ό

80 3007 231 3086 πρότερος
253 3003 415 3072 σονοδικός
436 3001 642 3082 διαλαμβάνει
663 3003 767 3082 τόμος,
790 2997 973 3063 ἀποκόπτειν
994 2999 1106 3070 τελόιος
1119 2974 1234 3073 παντός
1256 3011 1310 3068 τοῦ

82 3129 298 3204 χριστιανικοδ
333 3125 390 3182 καί
423 3117 593 3202 όρθοδόξοο
622 3117 828 3202 πληρώματος
864 3113 901 3180 ού
934 3120 1027 3200 μόνον
1059 3119 1111 3181 τόν
1145 3117 1310 3205 Βαρλαίιμ,

84 3238 164 3303 ἀλλὰ
186 3242 243 3302 καί
265 3237 358 3308 εἴτις
379 3235 484 3320 δτερος
506 3239 616 3320 φανείη
643 3257 672 3297 τι
696 3245 755 3298 τῶν
781 3231 830 3298 ὑπ’
855 3233 949 3298 αότοό
975 3240 1058 3298 κατὰ
1082 3247 1141 3300 τῶν
1161 3249 1308 3322 μοναχῶν

85 3354 242 3441 ῥηθέντων
275 3357 389 3418 τούτοιν
418 3350 510 3425 αὖθις
536 3363 717 3438 κατηγορῶν
743 3351 763 3437 ἢ
791 3350 871 3424 ὅλοις
898 3347 996 3416 αὐτόν
1019 3351 1050 3414 όν
1077 3365 1139 3425 τοῖς
1161 3357 1310 3428 τοιούτοις

84 3479 338 3559 καθαπτόμενος,
360 3469 455 3557 σότην
477 3475 537 3556 γὰρ
559 3469 679 3556 όκείνην
701 3473 754 3556 την
776 3480 831 3534 τοῦ
852 3475 948 3554 τόμοο
969 3473 1142 3557 καταδίκην
1165 3472 1211 3559 ἐφ’
1234 3472 1308 3536 ἑαο-

86 3595 135 3655 τόν
157 3592 365 3668 όπισπάσατο,
388 3589 562 3674 ιἰκορούμιν
584 3589 619 3652 δό
641 3593 696 3651 καί
719 3587 915 3672 ἀτρόσδτκτα
938 3599 1016 3653 πᾶσι
1037 3590 1149 3660 ττλίοις
1172 3589 1307 3675 ἀποφαι-

86 3715 207 3796 νόμεθα
233 3714 273 3774 τά
296 3707 366 3793 παρ’
394 3707 489 3772 αύτοό
516 3729 548 3770 τι
570 3713 625 3770 καί
651 3709 764 3777 παντὸς
786 3706 891 3789 ίτόροο
917 3711 999 3770 κατὰ
1019 3715 1074 3770 τού
1095 3707 1234 3791 Παλαμτί
1256 3715 1311 3774 καί

88 3839 142 3892 τὸν
164 3829 415 3915 ὁμοφρονούντων
437 3821 521 3907 αὐτῷ
542 3827 727 3887 σοντεθόντα
753 3824 919 3908 οἱαδήποτε
946 3829 1130 3907 γράμματα,
1153 3823 1194 3898 ὥς
1209 3830 1311 3914 πάσης

90 3943 159 4010 ύντα
180 3948 331 4031 διαβολῆς
352 3947 407 4008 καί
428 3943 611 4022 δυσσεβείας
633 3939 792 4022 ἀνάμεστα
813 3945 869 4004 καί
888 3945 971 4004 κατὰ
997 3952 1054 4004 τῶν
1082 3941 1169 4026 ἱιριῑιν
1192 3948 1309 4010 θεολό-

91 4081 148 4140 γιιν
174 4069 232 4128 καί
259 4075 314 4150 της
341 4061 501 4144 εόσεβείας
527 4065 581 4124 καί
603 4069 657 4143 τῆς
684 4056 855 4143 ἐκκλησίας
884 4056 978 4144 αὐτῆς
1005 4061 1123 4144 μάλλον
1152 4061 1173 4148 ἦ
1199 4067 1312 4128 τούτων

92 4181 265 4267 όκκείμενα,
280 4183 459 4246 Ἀκίνδονον
481 4183 525 4256 δό,
549 4177 591 4250 ὥς
612 4181 695 4241 κατὰ
709 4187 763 4260 της
786 4174 947 4259 εὐσεβείας
969 4175 1048 4242 σύτο
1071 4187 1213 4264 μανόντα,
1236 4189 1310 4248 καί·

93 4323 136 4365 τοι
155 4305 305 4386 πρότερον
330 4301 506 4373 οονοδικιδς,
530 4295 573 4368 ὡς
595 4295 721 4380 εἴρηται,
748 4297 1022 4360 καταδικασθίντα
1044 4303 1098 4362 καί
1120 4297 1161 4370 ὥς
1183 4299 1310 4383 ἕρμαιον

93 4417 271 4503 ἁρπάσαντα
291 4419 346 4500 την
367 4415 513 4502 ὶμηύλιον
536 4419 642 4480 στάσιν
664 4417 718 4477 καί
741 4413 869 4498 αἰναίδην
896 4427 934 4500 τῇ
956 4426 1009 4479 τοῦ
1032 4427 1142 4500 καιροῦ
1165 4421 1311 4500 χαλεποι·

94 4541 165 4622 τάιη
189 4512 339 4620 σύγ-γύσει
359 4539 414 4598 καί
441 4537 604 4619 μοχθηρία
631 4537 685 4595 καί
713 4542 750 4616 τῇ
776 4541 830 4596 τού
857 4537 1067 4618 χριστιινύμοο
1095 4539 1201 4611 γόνους
1230 4537 1313 4623 λύμη
