3258 5282
305 297 368 360 358

306 483 409 562 μέντοι
430 477 628 560 παραόρομην
651 471 709 539 οόκ
731 474 838 552 όλίγου
859 482 969 556 καιροῦ
985 471 1140 555 ἀρχόντων
1165 480 1262 543 τινῶν,
1285 474 1533 551 πραγματευτῦν

305 601 364 666 καί
385 596 444 662 ἀπό
479 606 536 659 τόν
567 596 698 658 ἐποίκων
728 595 858 658 πολιτῶν
887 603 941 678 της
971 591 1194 663 θεοόοξόστου,
1226 589 1458 673 θτοηυλσίκτου
1484 587 1537 645 καί

305 715 555 798 θεομτγαλόντου
575 711 923 782 Κωνστανιινουπόλεως
951 710 983 782 ἐξ
1009 707 1104 778 όθους
1130 709 1211 770 κατὰ
1233 709 1285 769 τόν
1308 703 1416 768 ἐκεῖσε
1443 705 1537 764 τόπον

306 832 542 918 ἀμυνουμένων,
555 829 688 915 ἐχόντων
710 829 747 893 ἐκ
768 839 822 894 τοό
843 833 956 913 τρόπου
977 831 1032 890 καί
1053 835 1107 910 τῆς
1129 825 1330 910 συνειδήσεως
1353 827 1388 888 τό
1409 821 1539 894 ἀξιόπι-

255 997 257 1002 ,
306 970 377 1013 στον
399 952 453 1012 καί
473 947 669 1031 ἐγνωσμένων
691 944 784 1010 ὄντων
806 946 850 1017 είς
872 953 961 1008 τοῦτο
983 956 1045 1016 τοῖς
1069 952 1145 1006 πᾶσι
1173 943 1299 1026 σχεόόν,
1327 949 1381 1004 τοό
1413 961 1453 1002 τε
1482 945 1541 1016 κυρ

272 1059 274 1065 ’
307 1064 536 1129 Κωνσταντίνου
566 1065 687 1150 όηλαόη
714 1073 768 1127 εοό
789 1063 980 1146 Ἂγαπητοό,
1007 1069 1061 1124 τοῦ
1087 1055 1286 1144 αόταόέλροο,
1310 1053 1407 1120 αὐτοῦ
1435 1056 1542 1130 Ἀγα-

307 1192 418 1266 πητοό,
453 1191 507 1246 τοῦ
541 1179 600 1247 ἀπό
634 1192 692 1246 τεόν
718 1181 881 1265 Πηγαῑτεόν
907 1178 1154 1262 Σγυυροποόλυυ,
1186 1185 1239 1240 τοῦ
1264 1175 1543 1260 Μονεμβασιεέτον

305 1304 359 1363 καί
382 1299 501 1382 ἐτέρων,
524 1298 556 1361 ἐν
578 1300 694 1383 εὶόησει
715 1303 769 1360 καί
790 1303 881 1380 πείρα
902 1301 1071 1380 γενομένων
1091 1299 1146 1359 καί
1173 1291 1298 1378 αότοψεί
1323 1295 1459 1358 ίόόντων
1485 1293 1543 1358 τὰς

307 1416 514 1502 ἀπειρημένας
528 1420 641 1489 εαότας
656 1421 710 1480 καί
723 1413 918 1499 παρανόμους
938 1417 1060 1498 πράξεις
1083 1411 1175 1478 αότοό
1198 1419 1251 1477 καί
1265 1417 1315 1476 τόν
1329 1413 1543 1494 προσήκοντα

308 1537 401 1620 ζῆλον
424 1533 566 1599 ἐντεόθεν
589 1534 804 1615 ἀναλαβόντοον
829 1539 884 1596 καί
911 1534 1076 1604 συνοόικως
1103 1532 1144 1614 τῷ
1169 1535 1238 1594 τότε
1262 1533 1544 1614 παραγενομένων,

307 1657 517 1738 συμπαρόντος
538 1657 597 1716 καί·
614 1653 858 1736 συνεόριόίοντος
884 1656 938 1714 καί
960 1648 1053 1715 αόιοό
1075 1651 1113 1734 δὴ
1140 1659 1193 1712 τοῦ
1214 1647 1371 1718 Ἀλανίας,
1399 1650 1543 1728 κεκίνη·

308 1797 359 1837 τοι
384 1773 519 1858 ἀκριβῶς
546 1778 600 1837 καί
626 1777 665 1837 τὰ
690 1770 758 1836 κατ’
784 1769 878 1836 αὐτοῦ
905 1771 1071 1854 αἰτιάματα
1097 1775 1152 1835 καί
1179 1769 1360 1854 ἐγκλήματα
1393 1766 1445 1832 ἐπί
1483 1775 1542 1849 της

307 1897 398 1965 θείας
419 1895 474 1960 καί
495 1891 579 1976 ἱερᾶς
602 1891 777 1976 όμηγόρεσις
799 1901 856 1956 τῶν
880 1890 1048 1975 ἐερυτάτων
1075 1887 1244 1974 ἀρχιερέων
1268 1892 1323 1950 καί
1345 1885 1540 1970 ὑπερτίμων,

307 2015 361 2073 καί
392 2006 471 2082 ὅπως
495 2007 740 2094 ἀνερυθριάστως
763 2007 957 2093 ἀπετόλμησε
984 2011 1051 2071 καίἲ
1065 2007 1332 2090 ἐπεχειροτόνησεν
1360 2003 1541 2068 ἐπίσκοπον

307 2125 351 2198 είς
372 2127 427 2210 την
448 2137 506 2191 τεόν
527 2125 714 2192 Καυκασίων
738 2127 936 2210 μητρόπολιν,
966 2129 1237 2210 συνηριθμημένην
1264 2122 1384 2186 ἀνωθεν
1402 2133 1441 2205 τη
1460 2117 1537 2202 ἱερᾷ

307 2247 424 2328 συνόόιρ
449 2249 568 2329 κοίτη
593 2254 803 2328 πατριαρχικῇ
829 2241 952 2330 ἐρορείη
978 2247 1032 2307 καί
1059 2242 1218 2326 ἀνακρίσει
1244 2237 1448 2324 ἀποκειμένην
1478 2242 1538 2301 καί

308 2358 366 2428 ἀπό
388 2364 441 2447 τὴν
463 2360 538 2427 καθ’
560 2360 642 2448 ἡμᾶς
667 2363 815 2426 τελοῦσαν
842 2359 1013 2447 ἀγιωτότην
1036 2361 1213 2445 καθολικὴν
1238 2364 1292 2424 καί
1320 2357 1538 2442 ἀπυστολικην

307 2480 487 2568 ἐκκλησίαν,
510 2481 537 2544 εἰ
558 2485 613 2545 καί
635 2490 818 2567 σοφιστικῶς
840 2479 981 2563 ἐπειρᾶτο
1004 2482 1205 2565 συμπλόττειν
1227 2501 1260 2543 τε
1275 2483 1329 2542 καί
1350 2481 1535 2550 λανθάνειν,

308 2603 528 2683 σκηπτόμενος,
550 2597 657 2682 ότόραν
680 2603 734 2682 μέν
757 2597 835 2662 εἶναι
856 2599 910 2682 την
931 2608 989 2662 τῶν
1011 2597 1197 2663 Καυκασίων
1226 2598 1388 2681 συνοόικήν
1417 2600 1536 2677 ταύτην

309 2718 504 2800 μητρόπολιν,
528 2716 625 2801 όλλην
648 2717 683 2778 όέ
706 2719 868 2800 τυγχάνειν
890 2716 1059 2798 ἐπισκοπὴν
1081 2712 1128 2778 όπ*
1151 2712 1256 2790 αὐτόν,
1285 2717 1337 2798 την
1364 2711 1443 2778 οὕτω
1465 2735 1534 2782 πως

307 2836 475 2917 λεγομένην
496 2833 689 2898 Καυκασίαν·
713 2833 880 2907 ἐξετάσεως
898 2836 966 2916 γὰρ,
989 2834 1134 2916 καθάπερ
1149 2831 1252 2915 ἐχρῆν,
1276 2829 1423 2914 ἀκριβοῦς
1439 2851 1532 2907 γενο·

308 2957 401 3036 μένης
427 2956 481 3015 καί
506 2963 565 3015 τῶν
590 2961 761 3016 κανονικων
788 2953 898 3034 βίβλων
924 2954 1167 3035 προτεθειμένον
1199 2948 1242 3022 είς
1274 2955 1367 3033 μέσον
1393 2954 1532 3034 κοίτης

176 3055 178 3058 ’
308 3070 548 3154 ἀπαριθμήσειυς
571 3075 730 3148 γεγονυίας
751 3070 975 3151 λελογισμένως
996 3077 1055 3130 τῶν
1070 3090 1102 3131 τε
1117 3066 1295 3152 έκασταχοό
1311 3069 1529 3152 μητροπόλεων

307 3193 439 3252 καὶτῶν
463 3185 668 3270 ἀποκειμένων
694 3189 817 3257 ταότατς
845 3187 1018 3250 ἐπισκοπῶν
1045 3189 1127 3249 κατὰ
1152 3185 1206 3270 την
1233 3187 1270 3250 όκ
1295 3187 1430 3250 παλαιοῦ
1459 3185 1525 3250 ἐπι-

308 3309 508 3389 κρατήσασαν
535 3307 618 3378 τάξιν
649 3303 703 3367 καί
731 3301 919 3368 ἀποτύπωσιν
946 3303 989 3375 τίς
1015 3305 1067 3387 τήν
1094 3313 1147 3390 τῆς
1174 3303 1328 3388 ἀληθείας
1361 3303 1531 3388 ἀνεύρεσιν,

310 3419 438 3505 οόόεμία
460 3444 505 3494 τις
526 3419 651 3506 εθρηται
672 3420 823 3505 ἐπισκυπὴ
847 3419 1045 3504 εόρισκομόνη
1069 3417 1125 3484 ὑπὸ
1148 3423 1201 3506 τὴν
1223 3421 1369 3494 Ἀλανίας
1397 3421 1417 3508 ἡ
1441 3425 1529 3489 Καυ-

307 3545 405 3603 καυία
426 3541 589 3624 λεγομένη,
612 3537 654 3611 τός
677 3537 769 3610 αότός
789 3542 1051 3625 προφασιζόμενος
1074 3540 1193 3618 έλεγεν,
1217 3539 1298 3603 ἀλλά
1321 3545 1413 3623 μόνον
1437 3539 1530 3627 ‘59⁷1-

306 3681 356 3722 ται
379 3671 442 3729 ταῖς
465 3657 630 3742 ἀληθείαις
652 3658 837 3742 μητρόπολις
858 3655 943 3740 ἡμῶν
965 3657 1151 3738 Καυκασίων
1174 3658 1294 3722 ἀνωθεν
1316 3671 1382 3729 ταῖς
1405 3663 1529 3724 συνοόι-

310 3788 378 3846 καις
404 3775 609 3858 μητροπόλισι
636 3777 889 3860 συνηριθμημένη
916 3779 996 3838 κατὰ
1022 3777 1073 3836 τόν
1105 3773 1376 3859 ἀναγεγραμμένον
1408 3781 1527 3860 τρόπον.

307 3891 450 3964 ὡσαύτως
473 3891 605 3978 ἐκινήθη
628 3898 681 3956 καί
704 3891 893 3978 ἀπηλέγχθη
915 3892 1066 3977 ἀριδηλως
1088 3898 1142 3956 καὶ
1169 3891 1249 3964 ὅπως
1276 3897 1327 3958 τόν
1350 3893 1525 3973 ἐπίσκοπον,

306 4008 408 4073 ὅντινα
429 4012 526 4092 δήπου
550 4015 734 4094 παρανόμως
760 4015 813 4074 καί
829 4009 1034 4082 ἀκανονίσττυς
1051 4009 1281 4096 ἐχειροτόνησεν
1296 4012 1340 4084 είς
1355 4014 1410 4096 την
1426 4011 1524 4092 ἁγιω-

307 4131 399 4209 τοίιην
428 4128 611 4212 μητρόπολιν
637 4128 834 4202 Καυκασίων,
858 4130 1019 4213 συνοθικην
1046 4127 1155 4204 οὖσαν,
1187 4133 1450 4214 χειροτονήσαντα
1476 4137 1525 4194 τόν

308 4252 443 4306 τοιοῦτον
465 4249 518 4306 καί
548 4247 778 4327 προβιβάσαντα
811 4243 853 4314 εἰς
884 4247 968 4329 ίερέα
995 4251 1061 4309 τινὰ
1087 4247 1248 4330 ἀθέσμοις,
1282 4246 1336 4310 ἅτε
1363 4247 1402 4330 δὴ
1431 4269 1524 4311 συνα-

306 4365 423 4446 ρθέντα
439 4368 569 4438 γυναικί,
585 4361 617 4436 ἐξ
632 4361 737 4445 ἐτέρου
753 4361 831 4445 οὔση
854 4360 964 4447 ἀνδρὸς
978 4368 1033 4427 καί
1056 4367 1242 4462 χηρευοόση,
1254 4370 1309 4427 καί
1324 4364 1368 4435 είς
1383 4363 1523 4452 τοόμρσ-
1627 4403 1628 4458 η

304 4483 354 4549 νίς
377 4477 419 4548 τίς
441 4489 530 4542 τοῦτο
554 4477 786 4564 ἐξελεγχθέντα,
808 4479 861 4542 όιά
883 4489 977 4544 ταῦτα
1000 4484 1129 4545 καθιῖλε
1157 4483 1242 4544 τόνόε
1273 4485 1324 4544 τόν
1347 4480 1522 4560 ἐπίσκοπον,
1627 4477 1628 4554 J
