3314 5266
309 319 372 385 5⁷0

395 509 416 584 †
448 504 572 571 Φθάνει
593 507 691 590 δήπου
712 504 767 568 καὶ
788 513 877 568 τοῦτο
900 515 961 577 τοῖς
983 503 1074 588 ἱεροῖς
1106 507 1216 567 κανόσι
1245 506 1343 567 πύλαι
1376 506 1534 586 προτεθε-

313 627 486 706 σπισμένυν,
508 626 542 686 τύ
565 624 674 696 έίεῐναι
696 623 816 707 δηλαδή
832 634 894 694 τοῖς
909 624 1109 706 βουλομένοις
1120 624 1338 709 φρυντιστήρια
1352 625 1409 685 καί
1422 625 1534 693 θείους

312 741 416 812 οἴκους
448 739 613 824 ἀνεγείρειν
646 743 694 804 ίπί
726 751 783 804 τῶν
817 740 993 826 ίκασταχοῦ
1016 741 1230 825 μητροπόλεων
1251 745 1306 803 καί
1337 743 1465 811 τούτους
1489 741 1532 824 μή

312 857 438 936 ύπιίγειν
470 869 508 943 τῆ
541 859 717 942 ἀπικρατεία
738 870 796 922 τῶν
818 858 848 922 ἐν
875 855 979 931 αὐτούς
1000 861 1161 942 προέδρων,
1195 856 1263 922 ἀλλ’
1296 857 1400 931 ἀξιοῦν
1431 859 1532 922 τελεῖν

313 975 424 1050 αύτούς
447 975 503 1040 ύιτύ
526 976 567 1060 τῷ
588 975 789 1061 οίκουμενικιβ
808 983 983 1062 πατριάργη
1017 980 1068 1041 διά
1089 987 1146 1040 τῶν
1168 974 1237 1040 κατ’
1260 976 1338 1048 ἔθος
1364 981 1532 1058 γινομύνον

312 1093 345 1158 ίν
368 1090 469 1166 αύτοῑς
492 1099 720 1180 σταυροττηγίων
742 1099 796 1158 καί
818 1097 944 1181 μηδαμῆ
961 1082 1036 1168 ’τούς
1068 1107 1126 1158 τῦν
1156 1097 1275 1158 πίλεων
1302 1095 1533 1178 μητροπολίτας

312 1217 367 1277 καί
388 1215 552 1296 προέδρους
575 1217 694 1297 μνήμην
717 1213 802 1296 ἔχειν
823 1223 877 1278 τοῦ
899 1212 1048 1298 δνύματος
1071 1211 1169 1277 αύτιῦν
1190 1211 1222 1275 έν
1243 1223 1310 1284 ταῖς
1324 1211 1533 1296 ίεροτελεστί-
1575 1227 1578 1230 “

313 1355 363 1405 αις
384 1344 450 1404 ταῖς
473 1331 504 1395 ἀν
527 1328 627 1404 αύτοίς
648 1333 745 1417 δήπου
777 1345 839 1404 τοῖς
859 1345 943 1406 ναοῖς
967 1338 1022 1396 καί
1047 1345 1108 1404 τοῖς
1141 1336 1381 1418 ρροντιστηρίυις
1402 1337 1533 1414 γινομέ-

311 1469 397 1523 ναις·
430 1453 485 1512 καί
506 1459 579 1528 γοῦν
612 1449 743 1533 ἀρχαίου
775 1447 861 1522 ὄντος
892 1453 1000 1513 τούτου
1021 1451 1059 1534 δή
1081 1459 1134 1514 τοῦ
1157 1451 1251 1522 έθους
1276 1455 1331 1514 καί
1351 1459 1533 1524 κανυνικοῦ,

312 1571 404 1643 δόξαν
426 1567 487 1653 ήδη
508 1573 563 1632 καί
584 1568 625 1652 τῳ
646 1572 813 1652 τιμιωτάτῳ
837 1567 868 1631 ίν
891 1579 1038 1653 μοναχοίς
1062 1576 1120 1652 κύρ
1134 1567 1298 1652 Καλλίστῳ
1319 1567 1363 1650 τῳ
1382 1564 1533 1644 ’Anth-

312 1689 421 1771 κούδη,
444 1685 475 1749 ἐν
498 1685 575 1770 ἀγίῳ
596 1687 743 1770 πνεύματι
765 1686 912 1772 ἀγαπητῳῖ
937 1685 990 1772 υίῳ
1010 1696 1065 1772 τῆς
1085 1683 1170 1770 ἡμῶν
1186 1689 1390 1771 μετριότητος,
1407 1685 1444 1749 ἐκ
1466 1689 1532 1768 βά·

310 1807 394 1887 θρων
417 1803 569 1887 ἀνεγεῖραι
590 1807 676 1870 θεῖον
697 1809 752 1868 καί
773 1807 940 1889 σεβάσμιον
961 1807 1034 1870 ναῦν
1056 1805 1088 1868 έν
1109 1814 1172 1876 τοῖς
1193 1808 1275 1868 κατὰ
1289 1807 1340 1886 τύν
1354 1795 1532 1868 Μελενίκυν

312 1926 433 2005 μίρεσιν
457 1909 493 1984 δν
510 1922 551 2005 τῳ
570 1921 638 2005 ίδίῳ
659 1919 753 1985 αὐτοῦ
775 1925 958 2006 καθίσματι,
981 1924 1085 2008 ἔπειτα
1107 1931 1213 1987 τοῦτον
1238 1927 1315 1986 θεοῦ
1338 1925 1531 2006 βουλομένου

312 2039 568 2124 ἀποκαταστῆσαι
589 2045 643 2103 καί
664 2041 708 2112 είς
731 2039 863 2124 ἀνδρήιον
886 2043 1058 2124 μονύδριον,
1091 2041 1133 2125 μή
1156 2045 1259 2124 μέντοι
1280 2037 1465 2104 ὑποκεῖσθαι
1487 2051 1528 2124 τῆ

311 2156 467 2242 ἁγιωτάτῃ
491 2160 673 2242 μητροπόλει
694 2158 871 2235 Μελενίκου,
895 2157 962 2222 ἀλλ’
985 2157 1060 2222 εἶναι
1085 2161 1305 2242 πατριαρχικάν
1327 2163 1382 2221 καί
1404 2178 1528 2241 μνημο-

311 2280 464 2341 νεύεσθαιΙ
480 2279 532 2339 τάν
554 2281 635 2340 κατὰ
656 2280 762 2361 καιρύν
785 2279 854 2348 τούς
877 2287 931 2362 τῆς
963 2277 1132 2360 ἐκκλησίας
1157 2275 1267 2348 οἴακας
1297 2276 1446 2340 ἰθύνοντα
1477 2275 1528 2338 υί-

311 2401 494 2480 κοομενικύν
515 2401 715 2482 πατριάρχην,
738 2399 855 2460 διδόναι
877 2419 909 2460 τε
931 2397 1058 2481 έτησίως
1079 2400 1133 2460 καί
1153 2397 1229 2479 πρύς
1250 2398 1300 2458 τόν
1321 2396 1466 2459 διέποντα
1487 2397 1529 2456 τά

312 2515 379 2578 έκεί
398 2519 606 2600 πατριαρχικά
628 2514 776 2599 ἔξαρχικά
798 2517 906 2579 δίκαιοι
928 2517 961 2578 τύ
985 2517 1117 2600 σύνηθες
1140 2511 1221 2576 ἅπαν
1242 2515 1421 2588 κανονικὸν,
1446 2509 1527 2575 κάν-

311 2637 420 2698 τεῦθεν
442 2634 551 2719 έδέησε
572 2637 721 2720 προβῆναι
743 2633 791 2697 ἀτί
813 2636 908 2718 τούτῳ
929 2639 982 2698 καί
1004 2639 1131 2717 γράμμα
1152 2633 1343 2710 σιγιλλιύδες
1364 2640 1419 2716 τῆς
1439 2627 1530 2717 ἡμῶν

313 2756 507 2837 μετριότητος
528 2754 623 2836 τούτῳ
645 2775 677 2816 τε
699 2751 742 2837 τῳ
761 2762 818 2836 κύρ
840 2753 1003 2835 Καλλίστῳ
1026 2757 1080 2816 καὶ
1102 2763 1163 2824 τοῖς
1189 2750 1425 2834 ἀνασκυυμένυις
1445 2751 1528 2832 τῷδε

312 2869 354 2952 τῳ
376 2872 535 2953 μονυδρίῳ,
568 2868 646 2934 ύστε
669 2871 745 2934 εἶναι
767 2878 855 2932 τοῦτο
877 2875 958 2932 κατά
979 2873 1014 2933 τύ
1035 2872 1174 2955 διηνεκές
1199 2869 1243 2941 εἰς
1265 2869 1335 2938 τούς
1356 2867 1425 2950 ἑξῆς
1446 2870 1529 2950 χρύ-·

311 3005 382 3058 νοος
402 2993 632 3072 πατριαρχικύν.
653 2984 673 3072 ἡ
696 2992 853 3072 μετριότης
874 2985 969 3072 ἡμῶν,
992 2991 1026 3052 τύ
1047 2992 1143 3072 παρύν
1169 2988 1346 3052 ἀπολύουσα
1367 2987 1530 3064 σιγιλλιῦ-

312 3106 365 3176 δες
387 3104 523 3190 γράμμα,
544 3109 787 3190 παρακελεύεται
809 3107 840 3170 ὲν
863 3107 940 3190 ἁγίῳ
961 3111 1117 3190 πνεύματι,
1140 3105 1292 3170 εἶναικαὶ
1324 3102 1531 3188 εὑρίσκεσθαι

311 3231 400 3286 τούτο
422 3224 459 3308 δή
482 3227 516 3288 τύ
539 3228 697 3309 μονύδριον
718 3225 793 3288 καθ’
816 3225 906 3289 έαυτύ
928 3224 969 3297 ὡς
990 3228 1208 3310 πατριαρχικύν
1240 3229 1322 3287 κατά
1343 3209 1378 3286 τύ
1401 3227 1528 3308 ζήτημα

310 3345 365 3405 καί
398 3344 450 3426 τήν
484 3345 627 3427 βούλησιν
661 3354 714 3408 τοῦ
747 3351 925 3428 τιμιωτάτου
957 3343 988 3406 έν
1012 3357 1157 3428 μοναχοῖς
1178 3353 1235 3428 κύρ
1257 3321 1443 3419 Καλλίστου,
1469 3341 1529 3406 καί

312 3461 460 3544 μηδαμῶς
483 3461 567 3544 ἔχειν
588 3461 723 3546 ἡντινοῦν
747 3463 904 3545 ἀνάκρισιν
926 3467 1008 3545 παρὰ
1030 3473 1087 3526 τῦν
1109 3466 1190 3524 κατὰ
1211 3463 1337 3544 καιρούς
1358 3461 1526 3544 προεδρεύ-

258 3666 263 3676 .
310 3598 354 3641 ειν
376 3581 532 3662 λαχόντων
555 3589 608 3663 τῆς
631 3579 801 3665 ἁγιωτάτης
824 3582 1037 3665 μητροπόλεως
1058 3579 1237 3654 Μελενίκυυ,
1260 3583 1337 3663 μήτε
1360 3581 1420 3662 μήν
1442 3598 1528 3650 τινας

310 3708 368 3760 τῶν
390 3706 443 3760 τοῦ
465 3699 581 3782 κλήρου
613 3702 724 3782 ταύτης
746 3699 948 3782 είσίρχεσθαι
969 3699 1000 3761 ἐν
1023 3695 1121 3781 αύτῷ,
1143 3703 1196 3760 καί
1224 3697 1360 3780 ἀπαιρεῖν
1386 3697 1526 3778 οἱασδή-

311 3835 393 3885 τινας
416 3817 595 3901 ἀπαιτήσεις
616 3821 671 3880 καί
692 3823 817 3901 ζημιοῦν
840 3814 923 3893 αύτύ,
948 3817 1028 3880 ἀλλά
1055 3825 1142 3880 τοῦτο
1165 3821 1219 3888 καί
1241 3820 1334 3898 μόνον
1367 3817 1451 3900 ἔχειν
1473 3819 1527 3878 τάν

310 3933 479 3998 Μελενίκου
512 3936 544 3998 ἀν
576 3939 617 4020 τῳ
648 3939 773 4018 τοιούτῳ
795 3939 968 4018 καθίσματι
990 3937 1119 3998 δίκαιον.
1152 3938 1186 3997 τύ
1220 3937 1471 4019 μνημονεύεσθαι
1492 3933 1526 3996 ἐν

310 4053 352 4136 τῳ
373 4051 472 4116 ἐκεῖσε
496 4052 558 4116 ὄντι
579 4053 700 4139 παλαιῷ
722 4055 786 4136 ναηῐ
819 4063 871 4116 τοῦ
895 4052 926 4116 ἐν
961 4052 1059 4130 ἁγίοις
1084 4057 1293 4136 παμμάκαρος
1317 4058 1372 4115 καὶ
1394 4056 1523 4135 θαυμα-

309 4179 436 4252 τουργοῦ
458 4171 626 4248 Νικολάου,
650 4179 703 4236 καί
723 4172 826 4256 ἕτερον
850 4169 920 4234 ούδὲ
944 4173 986 4247 έν,
1012 4169 1047 4234 ού
1071 4173 1129 4254 μήν
1150 4173 1184 4232 δέ
1207 4175 1261 4233 καί
1283 4166 1524 4254 είσέρχεσθαιή

311 4291 361 4350 τύν
390 4293 612 4376 μητροπολίτην
640 4293 672 4354 ὲν
701 4289 823 4375 αύτῳή
851 4313 917 4354 τινα
950 4301 1007 4354 τιῦν
1041 4301 1093 4353 τοῦ
1126 4293 1242 4374 κλήρου
1274 4291 1327 4353 διά
1349 4291 1402 4372 τήν
1425 4286 1526 4349 αἰτίαν

311 4411 422 4493 ταύτην
444 4417 497 4471 τοῦ
520 4413 713 4494 μνημοσύνου
739 4416 793 4474 καί
815 4409 952 4474 ἀπαιτεῖν
972 4411 1084 4472 δίκαια
1106 4415 1161 4472 καί
1181 4420 1275 4473 πιεῖν
1297 4408 1476 4490 καταμονήν
1495 4403 1527 4467 ἐν

311 4523 390 4610 αύτῷ
411 4531 464 4590 καί
486 4531 677 4613 κατατρίβειν
700 4527 790 4606 αύτύ,
825 4529 906 4593 ἀλλὰ
933 4537 1020 4593 τοῦτο
1047 4533 1100 4591 καί
1124 4533 1215 4611 μύνον
1238 4528 1322 4612 ἔχειν
1344 4528 1379 4589 τύ
1403 4528 1524 4610 μνημό·
