3258 5282
1243 333 1304 396 395

101 525 195 597 δεσις,
219 515 254 586 οδ
276 519 314 585 δι’
337 519 446 605 ἑαυτῆς
474 520 638 605 ἐποίησατο
666 523 719 606 τὴν
747 525 872 606 τοπικὴν
895 519 1029 594 ἐξίτασιν
1052 525 1106 582 καί
1127 517 1306 582 ἐπιστασίαν

98 636 197 723 αὐτῆς,
221 641 334 715 διέγνω·
352 637 518 709 συνοδικῶς
538 651 725 721 παραγαγεῖν
740 639 826 702 τόνδε
841 641 892 703 τόν
909 637 1099 721 Περδικάρον
1121 659 1152 700 τε
1175 641 1228 699 καί
1250 635 1303 706 υδς

94 760 278 840 προεβάλετο
301 762 465 840 μάρτυρας,
489 757 604 840 εἴδησιν
626 755 736 841 ἀκριβῆ
767 757 910 840 ἔχοντας,
938 753 1018 827 ὅπως
1043 765 1168 838 κατείχε
1193 759 1304 836 κυρίως

93 873 111 959 ἡ
133 875 321 961 Τριφυλλίνα
343 876 416 937 τάδε
440 879 477 938 τά
501 874 694 958 ἐργαστήρια,
719 879 818 958 ξώσης
841 875 887 936 ἐτι
907 883 960 958 τῆς
974 873 1186 956 Βροεννίσσης.
1208 876 1304 954 παρὲ-

92 1013 206 1076 στησαν
229 1013 281 1056 ουν
304 995 478 1068 συνοδικῶς,
500 997 653 1076 παρόντων
676 996 729 1054 καί
748 991 925 1077 ἀμφοτέρων
940 1003 997 1054 τῶν
1021 1001 1128 1074 μερῶν,
1151 989 1177 1052 εὶ
1199 993 1253 1051 καί
1268 991 1302 1050 τό

93 1115 183 1192 μέρος
207 1121 260 1192 τῆς
282 1111 487 1193 Μαγιστρίνης
509 1121 573 1180 ταῖς
600 1107 721 1193 ὁμοίαις
749 1109 912 1191 ἀναβολαῖς
939 1119 1058 1194 χαῖρον,
1086 1115 1159 1181 τέως
1186 1128 1220 1184 γε
1244 1107 1303 1190 μὴν

90 1235 274 1310 παρεγίνετο
296 1226 313 1292 ὅ
336 1251 367 1291 τε
391 1227 450 1292 ἀπό
472 1239 529 1292 τῶν
548 1229 656 1312 ἰατρῶν
674 1277 679 1290 .
698 1277 704 1290 .
723 1277 753 1291 ..
778 1226 919 1310 δΒαρδς,
942 1225 958 1290 δ
982 1226 1041 1290 ἀπδ
1064 1236 1118 1310 τῆς
1133 1228 1304 1307 σεβασμίας

92 1351 143 1408 καί
166 1347 330 1430 βασιλικῆς
353 1357 446 1430 μόνης
473 1358 529 1408 τῶν
552 1345 699 1430 Ὁδηγῶν,
728 1345 744 1410 δ
771 1347 923 1430 δηλωθείς
946 1347 1083 1428 μσναχός
1105 1341 1122 1406 δ
1143 1341 1300 1414 Ῥουντξέ-

90 1485 151 1544 ριος
184 1467 240 1526 καί
266 1463 283 1527 δ
321 1462 380 1526 ἀπὸ
407 1473 461 1548 της
489 1464 658 1545 σεβασμίας
691 1465 850 1548 βασιλικῆς
876 1467 930 1526 καί
955 1471 1180 1545 πατριαρχικῆς
1207 1469 1302 1544 μονῆς

87 1590 143 1642 τῶν
164 1579 350 1658 Μαγγάνων,
373 1584 509 1664 μοναχός
526 1630 533 1643 .
552 1631 558 1643 .
576 1629 607 1643 ..
631 1580 647 1644 ὁ
669 1581 805 1663 Γαβρας,
833 1585 886 1643 καί
907 1577 1113 1664 ἠρωτηδησαν
1141 1582 1218 1661 μετὰ
1241 1577 1300 1658 βά-

88 1719 154 1778 ρους
187 1700 358 1783 φρικώδους
384 1699 555 1784 ἀφορισμοῶ
582 1697 703 1771 ἐξειπεῖν
732 1703 785 1760 καί
812 1697 1034 1784 διομολογησαι
1060 1700 1114 1780 την
1141 1696 1184 1768 εἰς
1211 1705 1300 1758 τοῦτο

86 1827 185 1879 πᾶσαν
214 1814 381 1900 ἀληθειαν,
416 1815 522 1886 οἵτινες
550 1821 603 1878 καί
624 1816 783 1899 δεξάμενοι
805 1820 839 1878 πό
865 1824 1001 1878 τοιοῦτον
1024 1817 1118 1896 βάρος
1143 1823 1196 1878 τοδ
1220 1811 1300 1898 ἀφο-

87 1944 193 2018 ρισμοδ
218 1937 333 2008 ἐξεῖπον
355 1938 409 1996 καί
430 1933 696 2014 διεβεβαιώσαντυ,
720 1932 765 1996 ὅτι
788 1939 987 2011 γινώσκουσιν
1013 1932 1155 2015 ἀκριβῶς,
1179 1929 1220 2002 ώς
1241 1934 1299 2014 πρό

88 2055 201 2134 χρόνων
229 2051 290 2135 ἤδη
316 2055 480 2134 τριάκοντα
505 2056 658 2134 τεσσάρων
686 2056 739 2114 καί
766 2051 906 2115 ἐπέκεινα
933 2049 998 2133 εἶχε
1025 2056 1078 2112 καί
1106 2049 1228 2132 ἐνίμετο
1260 2053 1299 2112 τά

87 2179 211 2232 τοιαῦτα
244 2167 431 2252 ἐργαστήρια
463 2175 516 2232 καί
549 2175 619 2250 τρία
652 2169 806 2252 οἰκήματα
834 2167 854 2253 ἡ
881 2171 1089 2254 διαληφδείσα
1115 2167 1299 2252 Τριφυλλίνα

87 2283 185 2371 ἐκείνη
207 2291 291 2349 κατά
311 2297 413 2350 πᾶσαν
435 2287 612 2350 δεσποτείαν
628 2293 681 2350 καί
702 2292 875 2371 κυριότητα,
899 2291 998 2371 ξώσης
1020 2297 1074 2372 της
1096 2285 1298 2369 Βρυεννίσσης

85 2409 135 2468 καί
157 2407 277 2489 μηδίνα
298 2407 390 2482 λόγον
412 2403 432 2488 ἤ
455 2407 508 2488 την
531 2413 683 2488 τυχοῦσαν
706 2403 828 2489 ἀγωγὴν
850 2409 1020 2490 κινησάσης
1041 2409 1108 2487 περί
1129 2405 1240 2467 τούτων
1262 2406 1297 2465 τό

86 2525 218 2586 σύνολον.
251 2521 318 2604 ἐδίσρ
344 2528 446 2604 μέντοι
473 2523 697 2608 ἐξησφαλίσατο
724 2521 741 2585 δ
773 2516 926 2606 δηλωδείς
954 2525 1091 2607 μοναχός
1117 2521 1133 2584 δ
1160 2521 1294 2604 Γαβράς,

86 2637 127 2702 ὅτι
157 2639 206 2703 ἐπί
233 2649 378 2704 τοσοῦτον
405 2640 469 2725 εἶχε
497 2643 550 2724 την
576 2643 755 2703 δεσποτείαν
782 2651 839 2704 τῶν
867 2643 1009 2703 τοιούτων
1037 2639 1242 2724 ἐργαστηρίων
1261 2636 1294 2723 ἡ

85 2757 274 2845 Τριφυλλίνα,
291 2757 368 2822 ώστε
395 2749 500 2821 δοῶναι
526 2759 568 2841 περ
593 2757 719 2842 γαμβρῷ
746 2755 840 2842 σίντης
866 2767 923 2840 κῶρ
939 2809 946 2822 .
964 2808 971 2822 .
989 2808 1021 2822 ..
1049 2760 1091 2841 τῷ
1116 2757 1297 2840 Σοροτούλῳ

86 2873 199 2961 ἐκείνιρ,
226 2882 281 2941 καί
307 2888 402 2940 ταῦτα
429 2877 473 2939 ἐτι
499 2879 541 2960 τῷ
568 2878 623 2960 βίιρ
648 2879 810 2960 περιούσης
833 2887 886 2960 της
908 2877 1119 2961 Βρυεννίσσης.
1142 2879 1176 2939 τό
1193 2880 1296 2958 μίντσι

85 3001 172 3076 μόρος
194 3003 248 3058 τοδ
269 2995 446 3076 Μαγίσπρου
469 2996 509 3078 μή
532 2997 698 3078 δυνάμενον
721 2993 868 3058 ἀντειπεῖν
891 2995 933 3067 είς
955 3005 1051 3057 ταῦτα
1069 2992 1218 3078 καθαρῶς
1240 2997 1295 3056 καί

84 3112 208 3191 βεβαίως
231 3111 394 3176 ἐπλάττετο
416 3125 604 3194 παραγαγεῖν
627 3112 748 3194 ἑτέρους
771 3117 924 3197 μάρτυρας
947 3112 991 3176 ἐπ’
1019 3111 1174 3196 ἀνατροπῇ
1197 3112 1296 3194 δῆδεν

85 3239 134 3312 της
170 3233 312 3313 τοιαύτης
349 3231 639 3314 κατησφαλισριίνης
681 3237 858 3314 μαρτυρίας,
895 3235 948 3294 καί
974 3233 1215 3315 διαμηνυόριενον
1252 3228 1295 3301 είς

85 3357 167 3410 τοῦτο
189 3349 340 3418 πολλάκις
361 3351 444 3429 παρὰ
470 3357 522 3431 τῆς
548 3344 633 3430 ἡμῶν
660 3351 856 3432 μετριότητος
882 3351 1061 3425 συνοδικῶς,
1089 3349 1176 3412 οδδόν
1197 3349 1290 3411 πλόον

88 3463 187 3542 ἐποίει,
223 3471 336 3550 χρόνου
369 3465 423 3527 καὶ
455 3474 549 3527 ταῦτα
583 3463 640 3529 οάκ
663 3465 767 3544 δλίγου
796 3469 1057 3551 παραδραμόντος,
1090 3467 1294 3550 ίδραξόμενον

86 3587 170 3664 μόνον
204 3583 247 3655 εἰς
281 3581 352 3666 ὅπερ
380 3581 542 3665 ἐπορίσατο
569 3588 712 3667 πρότερον
740 3591 876 3670 γράμμα,
904 3584 945 3659 ώς
968 3587 1005 3670 δη
1027 3587 1208 3668 διείληπται,
1242 3595 1295 3668 της

85 3695 163 3780 ἡμῶν
186 3704 390 3784 μετριότητος.
414 3703 524 3762 τούτων
547 3698 599 3762 οών
622 3699 699 3764 οὕτω
719 3706 1051 3788 παρηκολουθηκότων,
1075 3702 1140 3766 ἐπεί
1162 3699 1219 3765 οὐκ
1244 3701 1295 3765 ἀπ’

87 3815 176 3901 ἀλλης
198 3829 253 3903 τῆς
279 3818 470 3903 οἱασδήτινος
499 3817 598 3890 αἰτίας
625 3820 700 3904 ἐσχε
725 3823 778 3906 την
804 3825 962 3885 δικαίωσιν
989 3820 1008 3907 ἡ
1035 3821 1239 3905 Μαγιστρίνα,
1269 3820 1297 3884 εἰ

89 3937 126 4017 μή
158 3935 217 4000 ἀπδ
244 3947 307 4020 της
323 3938 515 4020 περιλήόεως
542 3945 594 4001 τοῦ
622 3939 717 4022 δηδεν
743 3944 1004 4022 προκυμιξσμίνου
1031 3945 1192 4026 συμφώνου
1220 3938 1291 4022 παρ’

88 4049 182 4138 αάπης,
205 4053 279 4137 ὅπερ
305 4052 440 4141 ἀνεφάνη
474 4065 537 4125 ταίς
564 4053 727 4139 ἀληδείαις
749 4061 831 4119 κατά
852 4061 903 4119 τόν
932 4057 1202 4142 ἀναγεγραμμίνον
1223 4063 1294 4141 πρό·
1338 4133 1340 4138 ,

89 4192 137 4234 πον
158 4174 414 4259 πεφαλσευμένσν,
438 4171 613 4258 ἀπεδείχθη
635 4177 670 4237 δέ
685 4180 739 4238 καί
753 4177 805 4239 διὰ
822 4181 986 4259 μαρτυρίας
1005 4174 1183 4250 ἀξιοπίστων
1197 4199 1294 4261 προσ-

88 4295 165 4382 ώπων
194 4296 388 4375 κατέχεαδαι
418 4297 456 4356 τά
487 4301 613 4356 τοιαῦτα
643 4295 799 4378 οἰκήματα
829 4300 912 4379 παρὰ
939 4307 992 4381 τῆς
1019 4295 1219 4381 Τριφυλλίνης
1248 4296 1293 4381 ἐφ’

89 4403 185 4471 ἱκανόν
218 4414 319 4494 ζώσης
345 4420 398 4494 τῆς
425 4405 626 4496 Βρυεννίσσης
652 4419 706 4474 καί
734 4414 867 4498 δοδηναι
897 4415 938 4486 τίς
966 4426 1076 4497 προῖκα
1103 4415 1144 4497 τῷ
1169 4416 1296 4496 γαμβριβ

93 4521 185 4611 αότης,
208 4531 249 4614 περ
264 4528 443 4611 Σοροπούλιρ
459 4529 573 4614 ἐκείνῳ,
590 4536 644 4595 καί
666 4529 712 4594 ὅτι
733 4536 807 4614 πρός
829 4533 872 4616 τῴ
895 4537 974 4596 πόλει
997 4546 1049 4598 τοῦ
1066 4537 1132 4615 βίον
1147 4529 1166 4618 ἡ
1182 4533 1295 4617 Βροέν-
