3262 5276
1288 317 1352 378 ³⁰9

120 499 203 564 θεοῦ
222 501 460 586 καταπιμρθιίς
483 497 528 571 εὶς
549 501 653 562 κοινύν
675 501 832 586 ρατισμδν
852 499 907 562 καί
934 495 1103 584 ἀγιασμύν,
1130 503 1185 588 τάς
1208 497 1350 582 ἀνωτίρω

117 620 205 682 κατὰ
227 622 320 702 μίρος
341 617 505 702 ελρημίνας
525 621 721 700 παραινίσεις
739 619 792 682 καί
807 617 1013 690 διδασκαλίας
1027 620 1278 702 παρηγγοῆααιο,
1292 613 1351 682 ύπύ

120 744 179 799 τού
204 741 356 814 παναγίου
380 737 552 820 πνεύματος
576 737 758 820 κινούμενός
783 757 815 798 τε
838 741 893 800 καί
919 733 1142 820 ὁδηγούμενος,
1166 737 1203 808 ἀς
1229 741 1283 800 καί
1309 735 1351 810 ύις

120 851 176 918 ἀπ’
199 850 293 920 αύτού
315 864 369 919 τού
391 857 470 919 θεοῦ
493 855 672 938 δδιξάμεθα
693 852 870 939 δλοψύχοις,
893 852 1130 939 ὑπισχνούμεθα
1150 855 1213 940 ἤδη
1235 854 1350 936 ἐγγρα-

120 993 199 1057 φος,
221 971 273 1036 ἵνα
294 974 492 1059 φυλάττομεν
514 977 574 1045 τὰς·
590 975 733 1045 τοιαύτας
755 975 908 1047 διατάξεις
929 977 985 1036 καί
1006 969 1210 1044 ύποτυπιύαεις
1226 973 1350 1056 ἀπαρα-

118 1095 270 1177 πυιῆτους
292 1115 325 1156 τε
346 1097 401 1156 καί
423 1091 719 1178 ἀπαραθραύστους,
741 1097 796 1158 καί
823 1096 1048 1178 υυντηρούμιθυι
1073 1098 1156 1157 κατὰ
1182 1097 1281 1156 πάντα
1303 1093 1352 1158 ύπί

117 1223 162 1298 τῆ
184 1215 299 1276 τούτοιν
320 1211 475 1300 ἀυραλιίιγ
496 1217 551 1278 καί
570 1211 773 1298 ἀππληριδσει.
796 1211 851 1277 λάν
866 1213 913 1288 δί,
935 1209 1010 1294 ὅπερ
1032 1211 1248 1296 ἀπεοχδμιθσ,
1272 1212 1349 1276 ἀπε-

119 1331 311 1415 λεγχθῶμεν
333 1329 382 1395 ἀπί
401 1331 580 1415 παραβάυιι
600 1335 655 1394 καί
676 1329 827 1416 ἀθετῆσαι
849 1327 959 1406 αὐτῶν,
986 1332 1273 1414 καταδικοίῶμεθα
1296 1335 1349 1394 καί

116 1447 315 1534 δκπίπτεομεν
336 1449 530 1534 ἀσυμπαθῶς
551 1455 605 1514 καί
626 1458 682 1534 τῆς
704 1448 869 1534 ἱερωσύνης
890 1446 988 1535 ἡμῶν,
1009 1453 1064 1512 καί
1083 1445 1291 1532 εύθυνιύμεθα
1306 1447 1349 1520 ύις

116 1573 179 1640 τὰς
214 1567 480 1653 ἀνικλησιαστικάς
518 1572 573 1632 καί
612 1567 822 1640 ἀπουτολικάς
861 1569 1050 1652 παραδύσεις
1084 1577 1344 1652 περιφρονοῦντες.

117 1691 227 1769 μηνί
258 1687 481 1770 δεκεβρίιρ
514 1686 591 1750 ὶνδ.
626 1687 652 1750 δ’
683 1690 713 1764 †.

209 1806 362 1890 †11·pt
387 1819 468 1871 τῶν
494 1807 776 1885 ύκλεγίνιοον
804 1817 1123 1887 πνευματικῶν
1155 1807 1228 1868 διὰ
1262 1827 1346 1868 τοι·

117 1926 259 1988 ούτεον
291 1925 574 1990 δευτεοτικῶν
611 1929 773 2008 τιμίαν
806 1923 1116 2008 λνεαλτηρίιιν
1150 1928 1180 2000 †.

204 2277 258 2344 m
281 2283 301 2358 †
323 2277 359 2344 Ἦ
381 2288 434 2346 τού
456 2281 635 2367 φιλσγάθου
656 2284 735 2346 θεού
750 2278 838 2366 ἡμῶν
851 2283 918 2363 περί
934 2282 968 2342 τύ
982 2275 1130 2364 ἡμέτερον
1146 2283 1234 2356 γένος
1249 2280 1343 2362 κηδε-

115 2405 211 2483 μονία
247 2410 348 2486 σοφῶς
379 2403 418 2464 εά
447 2404 547 2464 πάντα
577 2403 854 2486 διυικονορουμένη
884 2404 939 2462 καί
968 2401 1172 2462 διεοθύνυυσα
1206 2401 1259 2481 τὴν
1291 2409 1345 2483 τῆς

113 2530 325 2605 πνευματικῆς
352 2523 479 2605 χάριτος
506 2519 675 2605 ἀπιοτῆμην
703 2519 844 2606 ἀρχῆθεν
877 2530 940 2590 τοῖς
970 2520 1024 2602 τὴν
1055 2519 1255 2600 ποιμανιιιιῆν
1291 2521 1346 2580 καί

114 2637 346 2724 διδασκαλικὴν
374 2637 461 2712 ἀξίαν
491 2638 641 2723 λαχούσιν
669 2639 829 2722 ἱεροίρχαις
861 2637 1038 2721 ἑπίτρεψεν,
1071 2637 1113 2708 εὶς
1141 2639 1264 2722 δοχεῐον
1291 2647 1343 2701 τού

116 2753 210 2836 ἀγίου
233 2758 404 2843 πνεύματος
424 2763 699 2843 παρασκευάσασιν
722 2757 860 2834 ἑαυτούς,
883 2756 950 2821 ἀλλ’
973 2753 993 2842 ἡ
1017 2762 1147 2841 μίριμνα
1173 2761 1226 2820 καί
1248 2779 1340 2842 ρρον-

117 2879 161 2950 τίς
181 2889 241 2942 τῶν
265 2879 441 2964 λκαλησιῶν
462 2883 518 2942 καί
538 2875 557 2964 ἡ
581 2883 660 2962 μετὰ
682 2880 818 2964 σπουδῆς
840 2876 1038 2961 ἀπικδίκησις
1058 2887 1115 2938 τῶν
1136 2873 1353 2958 ἀδικουμένων-

114 3002 170 3060 ιισί
192 2996 227 3060 αἱ
248 3008 306 3062 τῶν
325 3010 434 3084 χηρῶν
456 3003 511 3062 καί
529 2997 668 3086 ἀρρονῶν
684 2997 920 3084 ἀπορειλόμοναι
935 2996 1110 3080 ἀντιλήψεις
1132 3001 1186 3058 καί
1207 3017 1343 3078 προστα-

116 3121 190 3190 σίαι,
212 3122 339 3200 προσίτι
360 3137 394 3194 γε
418 3120 477 3203 μὴν
498 3123 553 3183 καί
574 3123 612 3181 τὰ
633 3123 719 3201 παρὰ
740 3127 794 3181 τού
816 3127 922 3180 τισινυύ
949 3115 1068 3199 ἐχθροῦ
1097 3116 1137 3196 τῴ
1163 3115 1343 3197 ἀνθρωπίνῳ

116 3238 280 3310 γίνειτῶν
302 3235 448 3320 αἱρίσεειν
470 3239 594 3320 κύματα
616 3239 783 3321 θαλάσσης
805 3239 895 3319 δίκην
918 3231 965 3298 ἀπ’
982 3235 1100 3318 ἀνίμων
1116 3239 1343 3316 τραχυνομένης

113 3358 196 3416 κατὰ
221 3364 274 3438 τῆς
297 3353 468 3438 θρθοδὸἰου
488 3361 620 3429 πίστεως
643 3356 823 3439 ἑγειρύριτνά
847 3378 877 3418 τε
906 3359 960 3417 καί
987 3354 1189 3425 ἐπικλύζοντα
1211 3376 1341 3415 στασια-

114 3483 193 3536 στῶν
215 3480 270 3536 καί
292 3479 490 3560 χαιρεκάποιν
514 3475 683 3558 ἀνθρώπιον
705 3472 761 3539 ύπύ
785 3485 838 3537 τού
860 3482 994 3556 πονηρού
1017 3471 1237 3554 ἐνεργουμένων
1262 3476 1342 3533 ιατά

114 3594 281 3680 διαρδρους
302 3598 430 3678 καιρούς
452 3601 563 3659 τεκαὶ
584 3601 713 3680 χρύνους
736 3595 983 3677 ἀπανισταμίνων
1006 3592 1143 3678 ἀηρύνως
1167 3589 1223 3654 ονε
1245 3595 1342 3674 ἐφῆκε

113 3715 234 3784 τούτοις
257 3713 383 3796 βοηθεῖν
405 3719 486 3778 κατά
508 3718 625 3778 σκυπύν
647 3720 702 3778 καί
717 3715 899 3798 θεραπεύειν
915 3713 1156 3795 ἀπιστημονιιιῶς
1172 3713 1241 3780 τούς
1259 3713 1343 3789 βίλιι

114 3841 168 3915 τῆς
190 3830 345 3916 ἁμαρτίας
366 3835 609 3918 πεπληγμίνους,
633 3833 804 3898 κάντεῦθεν
825 3836 977 3904 ποικίλοις
999 3837 1052 3895 καί
1069 3834 1226 3914 θιαιρύροιε
1249 3831 1341 3908 τραύ-

116 3971 191 4031 μασι
213 3956 438 4024 καταστίκτους
461 3958 682 4037 γεγενημένους
704 3957 758 4015 καί
780 3953 901 4014 πολλῶν
929 3963 987 4014 τῶν
1014 3954 1184 4035 φαρμάκιον
1207 3953 1260 4010 καὶ
1285 3959 1341 4010 τῶν

115 4067 226 4132 ὶάυεοον
241 4071 414 4156 δεομίνους.
431 4075 483 4138 διὰ
505 4082 594 4136 τούτο
610 4075 644 4136 τὸ
664 4083 718 4158 τῆς
737 4083 944 4156 πνευματικῆς
965 4075 1076 4154 ταύτης
1097 4073 1255 4138 διακονίας
1276 4070 1341 4128 λιι·

116 4191 272 4274 τούργημσ
296 4193 329 4254 τύ
351 4190 419 4254 κατ’
435 4191 553 4255 ἐκείνου
573 4202 683 4275 καιρού
704 4203 765 4263 τοῖς
781 4191 940 4275 ίερατικῶς
960 4191 1025 4272 θεῷ
1044 4190 1341 4273 ἐξυπηρειοομὲνοις,

117 4311 364 4391 κεκαθαρμίνοις
383 4308 451 4373 ούσι
470 4310 525 4374 καὶ
545 4311 656 4395 ἀρετῆς
670 4317 724 4374 καί
741 4312 808 4392 βίου
825 4313 990 4396 θευριλούς
1012 4309 1273 4390 ἀντιποιουμένοις
1288 4311 1341 4366 καί

117 4423 150 4489 εύ
165 4428 250 4508 μάλα
265 4435 497 4512 πεπειραμένοις
513 4435 617 4514 ψυχῶν
632 4429 843 4514 προΐστασθαι
857 4435 911 4492 καί
927 4439 1126 4513 χειραγωγεῖν
1149 4424 1244 4496 αύτάς
1266 4427 1340 4506 πρὸς

116 4547 166 4628 τὴν
180 4553 333 4632 σωτηρίαν
349 4554 430 4634 παρὰ
446 4561 504 4612 τῶν
520 4553 662 4614 τοιούτων
676 4561 854 4633 προστατῶν
868 4553 922 4612 καί
937 4551 1193 4630 πνευματορύρων
1204 4548 1341 4624 πατέρων
