3282 5270
277 289 340 352 520

280 475 438 562 προκοπὴν
459 478 514 536 καί
536 472 660 558 αὔξησιν
682 483 736 560 τῆς
758 483 846 562 τιμῆς
868 473 977 540 αύτῶν.
1009 478 1083 560 πρῦς
1109 477 1143 540 δδ
1176 477 1229 562 τὴν
1262 477 1319 560 σὴν
1352 475 1510 560 ίιρύτητιιΙ

281 601 379 658 ταῦτα
398 595 636 682 προστάσσω-ά
656 600 711 657 καί
733 594 862 660 ἀνωθεν.
885 598 920 660 τύ
943 596 1042 677 ίθνυς1
1058 605 1146 658 τοῦτο
1167 596 1237 685 λίαν
1259 593 1323 666 ίστί
1338 601 1420 679 μίγα
1442 597 1504 656 καί
1618 646 1626 656 ,

282 712 534 798 πολυάνθρωπον,
551 715 605 774 καί
618 713 740 796 πολλῆς
753 715 849 778 δεῖται
864 723 917 798 τῆς
932 713 1113 798 ίπιμιλιίας,
1125 718 1179 778 καί
1191 717 1301 786 πάντες
1316 711 1506 777 ἀνάκεινται

281 828 326 901 εἰς
348 833 393 906 σί,
415 833 471 893 καί
492 828 567 914 ὅσον
588 831 633 895 ίνι
655 831 699 904 ιὶς
720 835 774 918 τήν
795 835 922 917 δύναμίν
944 855 1014 923 σου,
1037 833 1188 923 στούδαίι
1213 837 1267 896 καί
1287 834 1418 896 δίδασκε
1442 835 1504 894 καί

280 951 422 1028 παραίνει
452 951 562 1024 πάντα,
596 946 655 1012 ύσα
676 939 847 1033 ταρίλοιβις
869 949 929 1014 ἀπὸ
951 959 1004 1014 τοῦ
1026 948 1114 1027 άγίυο
1137 946 1317 1028 εὐαγγελίου
1349 953 1404 1013 καί
1437 957 1503 1011 τῶν

283 1061 377 1141 άγίων
398 1071 535 1149 πατίρων
557 1066 611 1130 καὶ
633 1068 829 1132 διδασκάλων
851 1067 946 1154 ἡμῶν,
979 1072 1034 1131 καί
1055 1072 1122 1132 τύτι
1143 1066 1222 1142 stuc
1247 1071 1301 1130 καί
1332 1070 1384 1131 τάν
1416 1069 1502 1130 θεὸν

282 1183 451 1265 σύνδρομον
473 1183 516 1255 είς
537 1189 702 1249 τοῦτοκαὶ
725 1188 852 1269 βοηθόν.
876 1186 1007 1272 ίγραρίς
1029 1208 1080 1269 μοι
1101 1185 1156 1249 καὶ
1175 1185 1324 1272 ἀνίρερες
1345 1189 1413 1270 περί
1434 1195 1502 1248 τῶν

283 1297 394 1384 ῥηγῶν,
418 1299 498 1374 ὅπως
518 1303 696 1387 περίβησαν
718 1305 788 1377 τούς
810 1304 920 1389 ὅρκους
942 1302 1039 1372 αύτῶν
1061 1309 1115 1368 καί
1129 1309 1183 1376 τάς
1209 1307 1418 1388 συμβιβάοεις,
1441 1308 1504 1372 καί

283 1417 485 1501 ἀπελύθησαν
507 1425 622 1506 γραφαί
643 1430 696 1504 τῆς
718 1419 803 1506 ἡμῶν
826 1427 1021 1507 μετριύτητος
1041 1426 1115 1507 πρὸς
1138 1418 1255 1498 αύτούς,
1278 1425 1332 1486 καὶ
1354 1419 1504 1498 άγίνοντο

282 1540 365 1603 κατά
396 1538 451 1620 τὴν
474 1535 632 1626 ἀποδοχὴν
654 1543 709 1602 καί
731 1543 855 1624 ζήτησιν
878 1549 930 1604 τοῦ
956 1539 1021 1604 υίυῦ
1036 1597 1039 1602 ⁴
1054 1561 1121 1623 μου,
1144 1549 1198 1603 τοῦ
1230 1542 1367 1623 μεγάλου
1389 1535 1505 1625 ρηγὸς,

282 1657 337 1724 καί
360 1655 483 1738 μίλλεις
502 1655 578 1718 ἰδεῖν
600 1653 705 1730 αύτάς.
730 1658 775 1720 ἔτι
797 1660 831 1721 δὲ
854 1658 996 1743 ἀπελύθη
1017 1663 1072 1722 καί
1093 1658 1136 1732 εἰς
1159 1661 1210 1722 τύν
1243 1656 1408 1721 ἐπίσκοπον
1429 1658 1505 1721 Νο-

284 1773 447 1855 βογροδίυυ
469 1775 522 1838 διά
543 1777 596 1858 την
619 1775 727 1853 αἰτίαν,
740 1776 786 1862 ’ῆν
803 1776 899 1853 οἶδας,
920 1774 975 1840 καὶ
995 1775 1062 1860 περὶ
1083 1776 1192 1852 ἄλλων,
1206 1780 1259 1840 καὶ
1281 1777 1404 1859 μίλλεις
1424 1775 1507 1838 ίδεῖν

284 1887 389 1962 αὐτάς.
421 1888 448 1978 ἡ
464 1896 555 1977 χάρις
576 1902 630 1956 τοῦ
652 1898 728 1958 θεοῦ
751 1895 798 1980 εἴη
820 1896 1007 1980 διατηροῦσα
1033 1897 1086 1980 τὴν
1113 1897 1169 1978 σὴν
1201 1895 1344 1980 ἱερύτητα
1359 1868 1507 1970 'avom

284 2007 418 2092 εὔθυμον
440 2015 495 2074 καί
517 2010 669 2095 ἀνωτίραν
691 2016 802 2096 παντὸς
826 2013 950 2097 ἀνιαροῦ
972 2017 1199 2098 συναντήματος
1220 2016 1250 2091 †.
1312 2104 1314 2107 .

368 2147 390 2222 †
421 2143 529 2229 Εἶχε
561 2150 637 2210 καί
668 2147 743 2210 διά
779 2153 934 2230 τιμίας
968 2156 1304 2232 πατριαρχικης
1341 2149 1509 2230 χειρὸς

286 2264 351 2325 τά·
386 2268 490 2346 μηνί
520 2261 695 2348 ίουνίιρ,
727 2264 804 2329 ὶνδ.
838 2265 866 2349 η’
897 2269 927 2344 †.

535 2519 700 2584 CCLXVI.
715 2520 954 2599 (6878-1370)
968 2520 1062 2583 iunio.
1077 2517 1140 2584 ind.
1156 2517 1236 2583 vssl.

406 2673 592 2732 Ρσίνίαπσάαι
607 2679 713 2732 litterae
727 2681 925 2734 exhortatoriae
940 2680 1024 2732 datae
1038 2649 1077 2732 ἀά
1088 2681 1230 2748 principes
1244 2677 1373 2731 Ιθκεείασ.

351 2842 391 2920 ⁴†
413 2835 633 2916 Εύγενίστατοι
656 2835 748 2923 ρηγες
769 2845 870 2924 πάσης
892 2841 1030 2915 Ῥωσίας,
1054 2837 1085 2902 ὲν
1108 2837 1185 2920 ἀγίῳ
1207 2841 1354 2920 πνεύματι
1375 2837 1507 2922 ἠγαπη-

287 2961 373 3039 μίνοι
393 2961 448 3018 καί
468 2961 681 3040 πεποθημὲνυι
703 2957 761 3021 υίυὶ
782 2969 836 3044 τῆς
858 2957 943 3044 ἡμῶν
966 2961 1170 3042 μετριότητος.
1203 2951 1307 3032 ύγείαν
1329 2959 1384 3018 καὶ
1406 2953 1507 3028 εύθοτ

286 3073 358 3156 μίαν
391 3083 449 3136 τῶν
481 3078 585 3164 ψυχῶν
608 3073 690 3160 ὑμῶν·
711 3082 766 3140 καί
787 3089 844 3140 τῶν
868 3079 1014 3160 σωμάτιον
1037 3073 1153 3168 εύεξίαν
1175 3096 1207 3138 τε
1229 3077 1282 3138 καί
1304 3069 1408 3156 ῥύσιν,
1442 3085 1507 3138 τῶν

286 3197 368 3256 κατὰ
390 3197 440 3256 τὸν
463 3197 528 3274 βίον
550 3201 734 3278 πραγμάτων
755 3201 882 3273 πάντων,
906 3193 1052 3281 εύθηνίαν
1075 3219 1107 3258 τε
1128 3199 1182 3257 καί
1203 3191 1381 3277 εὐημερίαν,
1405 3193 1506 3278 αὔξη-

286 3329 333 3373 σιν
356 3309 456 3394 ἀρχῆς
479 3317 532 3374 καί
552 3317 707 3398 προκοπὴν
730 3325 818 3398 τιμῆς
840 3314 894 3378 καὶ
916 3314 992 3378 ἄλλο
1014 3325 1072 3376 πάν
1093 3312 1214 3390 ἀγαθάν
1229 3309 1306 3395 δμυῦ
1322 3317 1376 3373 καί
1398 3317 1504 3396 σωτη-

259 3481 261 3485 .
284 3451 348 3512 ριον
370 3428 533 3514 ἐπεύχεται
555 3429 621 3514 ύμῖν
644 3431 755 3502 ἅπασιν
777 3432 795 3518 ἡ
819 3438 976 3518 μετριότης
998 3431 1082 3517 ἡμῶν
1105 3431 1164 3495 ἀττῦ
1187 3436 1265 3496 θεοῦ
1287 3437 1503 3533 παντοκράτο-

284 3570 346 3630 ρος,
367 3546 569 3633 ἡμετριύτης
591 3549 684 3634 ἡμῶν,
697 3550 830 3635 ἀκριβῶς
854 3557 1045 3628 γινώσκουσα
1066 3555 1123 3634 πρὸ
1145 3553 1261 3614 πολλοῦ
1276 3553 1329 3633 τὴν
1352 3555 1502 3633 καθαράν

283 3672 382 3730 πίστιν
414 3672 469 3731 καί
491 3670 544 3752 τὴν
568 3667 737 3759 εὐσέβειαν,
769 3671 805 3755 ἧν
827 3673 1016 3754 παρελάβετε
1040 3670 1160 3734 ἄνωθεν
1182 3673 1237 3731 καί
1262 3667 1294 3741 ἐξ
1316 3668 1417 3754 ἀρχῆς
1439 3667 1502 3732 ἀπύ

285 3792 338 3865 της
360 3783 435 3848 καθ’
457 3783 540 3870 ἡμᾶς
563 3783 733 3870 ἁγιωτάτης
754 3799 807 3851 τοῦ
840 3791 918 3850 θεοῦ
939 3789 1116 3872 καθυλικῆς
1138 3791 1192 3850 καί
1214 3785 1429 3870 ἀποστολικῆς
1444 3783 1500 3848 ἔκ-

285 3901 416 3981 κληοίας
438 3908 492 3964 καί
514 3910 678 3988 φυλάττετε
701 3903 804 3988 αὐτὴν,
826 3909 935 3977 καθὼς
958 3911 1012 3968 καί
1033 3907 1232 3988 παρελάβετε,
1256 3902 1424 3988 ἀμύμητον
1445 3909 1502 3967 καί

283 4021 428 4098 καθαρὰν
449 4027 503 4083 καί
526 4021 704 4111 ἀκίβδηλον,
718 4021 880 4104 δρθύδυξοι
902 4029 1073 4108 χριστιανοί
1094 4021 1187 4099 ὄντες,
1210 4030 1299 4086 τοῦτο
1322 4023 1360 4105 δὴ
1384 4025 1420 4084 τά
1441 4033 1499 4084 τῶν

283 4137 412 4211 ἀγαθῶν
434 4143 551 4201 πάντων
574 4139 725 4224 ἐξαίρετον
748 4139 782 4204 ού
804 4145 933 4206 παύεται
955 4141 993 4205 δι’
1016 4123 1099 4218 ύλυυ,
1113 4141 1190 4225 δμοῦ
1212 4143 1246 4203 δύ
1261 4139 1316 4202 καὶ
1332 4137 1499 4224 εύχομάνη,

280 4256 330 4316 ἳνα
353 4255 547 4320 ἀδιάλειπτον
570 4261 663 4344 ἔχητε
687 4269 775 4324 τοῦτο
799 4265 832 4322 τά
856 4261 976 4338 ἀγαθὸν
999 4261 1030 4323 ἐν
1053 4261 1180 4338 ἑαυτοῖς,
1202 4265 1258 4326 καί
1277 4257 1428 4342 αῦξάνητε
1450 4257 1500 4321 ἐπί

280 4375 372 4436 πλέον
393 4373 437 4445 εἰς
456 4376 612 4458 τὴνπρύς·
630 4383 705 4442 θεύν
727 4385 825 4443 πίστιν
847 4384 902 4464 καί
923 4381 976 4462 τὴν
999 4377 1166 4460 ιύσίβειαν.
1194 4387 1291 4442 ταῦτα
1313 4378 1348 4439 δὲ
1372 4377 1500 4459 μελλετε

282 4491 375 4575 ἔχειν,
392 4493 474 4576 εἴπερ
499 4490 681 4560 ἀποδιδύατε
702 4503 777 4580 πρὸς
799 4503 850 4562 τάν
872 4497 1032 4582 ίεμῶτατυν
1056 4501 1278 4583 μητροπολίτην
1301 4495 1423 4578 Κοίβοο
1443 4501 1500 4560 καί
