3262 5276
1244 357 1318 432 ,303

88 549 208 620 πάντας
232 545 424 633 ἀγνωρίσατε,
447 545 595 634 ἀνκορίιρ
617 550 711 611 τίκνα
733 568 792 632 μου
815 544 970 632 ἀγαπητά,
993 547 1048 606 καί
1062 540 1144 615 ὅπως
1159 539 1311 625 ύπίβαλεν

88 664 106 732 ό
127 663 247 752 ἀχθρός
267 671 321 732 καί
342 670 469 752 ταυτηνί
486 667 541 752 την
563 679 692 745 γυναῖκα
714 667 768 750 την
789 663 1014 750 Ἀμαραντίναν
1036 665 1179 746 μαγείαις
1199 663 1310 744 πρότε-

88 806 140 868 ρον
164 779 391 871 αροσκειμίνην
415 783 470 848 καί
483 783 557 850 ἀπό
584 788 706 858 κοιλίας
738 785 887 869 μαντικὰς
918 782 1069 868 ρλοαρίας
1097 781 1315 866 ρθεγγοράνην

87 909 141 968 καί
162 905 350 986 διαβολικὰς
371 908 425 966 καί
445 906 548 989 πάσης
570 901 716 986 ἀσεβείας
739 907 853 989 μεστάς
881 899 925 974 τίς
950 922 984 964 τε
1006 898 1156 985 ἀθότησιν
1180 909 1236 985 της
1257 895 1312 983 θρ-

86 1025 223 1096 θοδόξοο
240 1027 306 1086 λκαί
331 1018 477 1104 εὐσεβοῦς
503 1032 562 1086 τῶν
588 1033 771 1107 χριστισνῶν
796 1027 927 1092 πίστεως
955 1023 1010 1083 καί
1037 1018 1081 1091 εἰς
1112 1015 1231 1102 ἀπάτην
1257 1021 1313 1080 καί

85 1141 205 1224 πλάνην
227 1145 284 1203 καί
307 1141 438 1224 ψυχικόν
460 1137 559 1204 αύτόν
581 1138 724 1225 όλιθρον,
746 1139 802 1204 καί
823 1138 904 1212 ὅπως
927 1137 987 1204 ἀπό
1006 1149 1060 1224 της
1075 1140 1217 1222 τοιαύτης
1231 1136 1313 1200 τλά·

87 1278 140 1344 νης
166 1261 400 1344 παρεσύρησαν,
432 1257 540 1331 οἵτινες
567 1261 605 1344 δὴ
637 1264 693 1322 καί
717 1261 947 1344 παρεσύρησαν,
979 1257 1023 1330 είς
1053 1258 1107 1343 την
1132 1256 1314 1340 διαβολικήν

86 1379 200 1463 ταύτην
225 1375 354 1464 ἀπάτην.
377 1375 415 1464 ἠν
443 1375 496 1440 οὖν
517 1374 537 1464 ἡ
563 1379 689 1463 τοιαύτη
717 1375 845 1460 ἀσίβεια
871 1376 920 1441 ἀτί
945 1380 1068 1462 χρόνοις
1094 1374 1211 1447 ἱκανοῖς
1237 1395 1313 1458 κρο-

85 1499 223 1581 πτομίνη
248 1517 281 1560 τε
302 1499 356 1561 καί
376 1499 591 1573 λανθάνουσα,
617 1499 900 1581 προμηθεοσαμίνη
926 1495 962 1558 δί
988 1491 1008 1582 ἡ
1036 1497 1195 1579 μετριότης
1216 1489 1314 1577 ἡμῶν,

86 1613 221 1698 Χριστοῦ
245 1619 364 1700 χάριτι,
390 1620 472 1680 κατὰ
498 1617 533 1678 τό
556 1613 640 1687 εἰκός
661 1613 716 1677 καί
738 1614 791 1678 διά
813 1611 972 1701 φροντίδος
997 1617 1205 1697 ποιησαμίνη,
1233 1608 1313 1675 ὥστε

86 1741 252 1820 καταρανη
273 1737 329 1796 καί
350 1735 483 1820 ηανιράν
505 1735 654 1811 γενίσθαι
675 1733 729 1818 την
751 1735 895 1817 τοιαύτην
918 1732 1211 1816 σογκεκαλομμόνην
1231 1731 1314 1794 πλά·

88 1873 150 1937 νην,
172 1855 257 1936 μετά
278 1862 332 1937 τῆς
352 1853 572 1948 προσηκούσης
593 1855 739 1936 πρότερον
760 1856 969 1934 παραινόσεως
991 1849 1135 1936 ἀεηνεγκε
1151 1854 1206 1913 καί
1221 1851 1316 1934 βάρος
1452 1897 1455 1902 ,

89 1969 356 2055 όκκλησιαστικού
378 1969 540 2055 ἐπιτιμίου,
563 1975 618 2034 καί
641 1967 657 2033 δ
686 1971 739 2054 την
761 1975 915 2054 σωτηρίαν
938 1965 1078 2033 ἁπάντων
1099 1971 1318 2052 πραγματευό-

88 2110 176 2170 ρενος
198 2091 308 2172 κύριος
334 2093 389 2154 καί
410 2093 449 2153 τά
476 2087 599 2152 ἀναντία
627 2089 679 2152 διά
706 2097 764 2151 τόν
791 2085 934 2151 ἐναντίων
962 2087 1131 2171 οδκονοριόν
1158 2083 1215 2151 ούκ
1241 2085 1315 2172 ἠνί-

88 2229 189 2292 σχττο,
214 2204 289 2272 ούδό
310 2213 531 2294 παρεχώρησεν
555 2206 603 2272 ἀτί
624 2209 717 2274 πλόον
740 2208 991 2291 σογκρύσιτεσθαι
1012 2211 1066 2270 καί
1087 2209 1255 2270 λανθάνειν
1276 2209 1315 2270 τά

87 2325 235 2412 είρημόνα
256 2337 312 2413 τῆς
333 2327 559 2412 Ἀμαραντίνης
581 2337 838 2412 κακοσργηματα,
861 2325 942 2389 ἀλλά
957 2337 1022 2398 ταῖς
1036 2323 1122 2411 ἡμῶν
1138 2337 1196 2390 τόν
1212 2323 1316 2410 ἀμαρ-

87 2447 189 2510 τωλῶν
212 2450 270 2510 καί
296 2444 426 2522 ἀναξίων
452 2447 570 2510 δούλιον
597 2442 690 2510 αύτού
718 2441 825 2530 εύχαίς
851 2449 904 2508 καί
930 2447 1073 2530 δεήσεσιν
1099 2443 1315 2531 ἐπικαμρθιίς,

87 2562 126 2628 ἀτ
149 2564 347 2650 εύσπλαχνος
369 2569 458 2652 φύσει
478 2569 532 2630 καί
555 2567 781 2652 φιλοικτίρμων,
805 2564 848 2636 τίς
871 2567 965 2647 μίσον
984 2567 1197 2648 παρεσκεύασα
1219 2571 1317 2628 ταῦτα

87 2685 342 2769 θριαμβεύθηναι
372 2688 427 2748 καί
445 2661 695 2769 Ιοἰπελιγχθηναι
727 2689 782 2748 καί
807 2685 861 2746 διὰ
886 2685 979 2767 τηοδε
1011 2691 1066 2767 της
1093 2683 1318 2770 Ἀμαραντίνης

89 2799 147 2866 ἀπό
166 2790 333 2887 Ιστόματος
356 2801 637 2888 ἀναμολογησάσης
667 2801 715 2866 ἀπί
741 2813 796 2890 τῆς
824 2799 901 2866 καθ’
927 2800 1011 2888 ημᾶς
1033 2806 1128 2877 θείας
1153 2809 1208 2868 καί
1235 2803 1319 2888 ἱεράς

89 2923 219 2986 σονόδοο
241 2927 296 2986 καί
318 2919 357 2986 δι’
379 2921 489 3008 άτόρων
510 2923 632 2986 πολλῶν
653 2923 910 3008 προσδραμόντων
933 2931 970 3006 τη
992 2933 1082 3007 κοινῇ
1103 2929 1196 3008 μητρί
1210 2935 1248 3008 τη
1263 2933 1318 2992 τοό

89 3043 165 3105 θεοῦ
188 3039 361 3126 διικλησίιγ,
382 3039 426 3125 τῷ
447 3041 543 3126 κοινᾷ
562 3051 620 3105 τόν
643 3045 747 3126 όοχιόν
768 3039 907 3124 ἰατρείῳ,
934 3043 990 3104 καί
1012 3039 1234 3128 ἐξομολόγησιν
1256 3063 1317 3106 κα-

91 3158 191 3240 θαρὰν
219 3163 435 3243 ποιησαμένων
468 3165 523 3230 καί
553 3163 628 3244 πρός
656 3163 827 3244 θεραπείαν
853 3163 909 3222 καί
935 3159 1099 3245 όξιλασμόν
1123 3165 1320 3246 προσήκοντα

92 3275 248 3358 λαβόντων
269 3283 325 3343 καί
347 3283 386 3341 τά
407 3282 567 3365 ράρμακα.
589 3288 679 3344 τούτο
701 3279 736 3342 δό
757 3283 883 3357 γίγονεν
898 3273 1024 3361 εύδοκίγ
1041 3282 1129 3355 θεοῦ,
1152 3277 1194 3352 ὥς
1216 3279 1254 3344 ἀν
1277 3283 1318 3366 μη

93 3397 236 3458 καθόλοο
262 3399 296 3460 τό
324 3407 383 3460 τῶν
408 3408 593 3482 χριστιανων
620 3395 775 3482 ἀπόληται
801 3402 903 3476 γόνος,
937 3395 1159 3482 ἀνεργοομίνων
1190 3399 1246 3464 καί
1273 3399 1319 3463 ίτι

94 3523 149 3576 τόν
176 3517 322 3577 τοιούτων
348 3519 505 3601 θεομισῐνν
531 3515 736 3604 ἀσεβημάτων
763 3521 816 3580 καί
842 3519 1038 3600 μιασμάτων,
1065 3519 1117 3581 διὰ
1139 3511 1236 3582 ’ταῦτα
1259 3523 1319 3601 γὰρ

96 3630 232 3716 ἀπῆλθον
255 3630 316 3696 ἀπό
339 3644 393 3720 της
419 3637 577 3721 θεηλάτου
607 3639 661 3698 καί
687 3636 812 3706 δικαίας
841 3633 949 3720 ἀργης
963 3633 995 3710 ἀί
1021 3635 1263 3722 ἀγανακτήσεως
1290 3635 1324 3700 οἵ

97 3771 126 3812 τε
152 3752 240 3835 λιμοί
265 3757 321 3815 καί
351 3753 454 3837 λοιμοὶ
486 3752 598 3818 ἐκείνοι
622 3758 677 3817 καί
710 3751 740 3816 οἱ
765 3763 819 3838 τῆς
853 3763 910 3838 γῆς
941 3753 1142 3839 ἀνατιναγμοί
1167 3761 1222 3819 καί
1252 3779 1320 3820 σει-

99 3875 175 3951 σμοί,
200 3869 238 3933 ἐκ
259 3873 413 3955 θεμελίων
436 3875 548 3958 ταύτην
571 3874 767 3948 σαλεύοντες,
790 3877 845 3935 καί
868 3871 900 3936 αἱ
922 3883 976 3958 τῆς
1002 3877 1170 3960 θαλάσσης
1192 3877 1320 3961 ροβεβαί

100 3985 248 4073 ίκδρομαί
268 3993 323 4053 καί
345 3989 532 4068 ἀπικλύσεις,
560 3993 760 4076 βροχωμίνης
782 3989 884 4074 ὥσπερ
907 3989 938 4054 ἀν
965 3991 1057 4076 θομιρ
1081 3998 1135 4057 καί
1162 4016 1319 4080 παρερχο-

101 4111 188 4192 μύνης
211 4113 250 4171 τὰ
272 4107 382 4193 ἀαοτης
405 4107 488 4192 ὅρια,
516 4115 570 4172 καί
592 4109 622 4173 οἱ
647 4113 863 4193 κατακλασμοί
889 4115 943 4172 καί
971 4109 1000 4174 οἱ
1028 4110 1235 4198 ἐνσκήψαντος
1262 4115 1321 4200 ἀμ·

101 4231 232 4310 πρησμοί
254 4226 309 4290 καὶ
332 4225 361 4289 οἱ
382 4236 524 4290 τοσοῦτοι
546 4225 687 4313 ἐμρόλιοι
708 4230 839 4310 πόλεμοι
865 4227 920 4291 καὶ
941 4225 960 4312 ἡ
985 4227 1218 4316 ἀπροσδόκητος
1241 4230 1320 4317 ῥομ-

102 4350 174 4424 ραία
195 4355 250 4410 τοῦ
272 4348 444 4409 θανατικοό
466 4351 521 4410 καί
543 4345 560 4410 ό
582 4351 674 4432 μόνος
697 4359 754 4410 τῶν
782 4345 944 4432 όμορύλων
971 4361 1153 4432 χριοτιανιόν
1181 4349 1321 4438 ἀδελφῶν

103 4463 153 4522 καί
173 4469 305 4548 γνησίων
327 4475 480 4541 σογγινιίιν
503 4461 550 4528 ὑπ’
573 4463 730 4550 ἀλλήλων,
753 4474 820 4552 ρτό,
845 4463 922 4530 καθ’
945 4465 1079 4553 ἀκάστην
1101 4475 1321 4555 ρονεοομίνων,

105 4574 313 4664 ἀγνοησάντων
328 4584 398 4654 τούς
413 4581 502 4666 ἀροος
518 4594 572 4668 τῆς
588 4587 716 4669 φύσεως,
733 4583 790 4647 ἀπό
806 4589 859 4669 τῆς
874 4587 1087 4667 τοόδιαβόλοιι
1098 4589 1322 4674 ρρενοβλαβίας
