3256 5272
296 285 358 348 218

298 489 364 553 ηου,
387 467 435 532 ίπί
456 477 509 532 τοῦ
524 471 589 550 ,πρό
611 462 697 554 ἡμῶν
724 468 867 552 δηλονότι
895 463 1036 552 ἀοιδίμου
1063 467 1268 550 πατριάρχου,
1300 473 1357 547 κῦφ
1379 457 1525 539 Ἡσαΐου,

297 591 351 673 τήν
374 583 467 672 σόν-ην
488 599 644 671 προτείνων
666 592 720 652 καί
740 589 831 652 πάλιν
854 587 952 651 αἰτίαν
968 589 1002 650 τό
1019 591 1110 670 μέρος
1136 596 1190 670 της
1211 595 1269 649 των
1284 585 1431 650 Παλαιῦν
1447 583 1524 648 Πα-

296 718 390 791 τρῦν,
420 707 550 791 ἴσχυσεν
583 707 807 789 ἑπιλαβίσθαι..
820 717 875 792 τῆς
907 705 1076 790 ἐπισκοπῆς
1099 708 1219 790 ταύτης,
1243 707 1437 791 χηρευοῦσης
1463 711 1530 786 τῆς·

295 825 541 912 Λακεδαίμονος,
560 819 762 911 πορισάμενον
785 825 833 890 ἀπί
854 829 950 909 τοότιρ
972 831 1027 889 καί
1049 829 1177 910 ηράμμα
1200 825 1359 888 συνοδικόν
1381 827 1437 886 καί
1456 823 1523 886 σε·

295 949 369 1010 πτόν
391 944 436 1010 ἀπ’
459 941 540 1030 αότιρ
562 949 760 1030 πρόσταγμα,
784 945 849 1009 εἶτα
871 941 916 1008 ἀπ’
940 943 1051 1031 ἀμφοῖν
1073 946 1189 1008 τούτοιν
1215 947 1270 1006 καί
1298 943 1409 1005 σεπτόν
1438 961 1523 1025 χρυ-

297 1065 476 1147 σόβουλλον.
505 1065 522 1130 ό
548 1074 599 1129 νῦν
626 1064 787 1149 ἱερώτατος
814 1065 1039 1152 μητροπολίτης
1066 1061 1317 1146 Λακεδαιμονίας
1343 1065 1399 1124 καί
1421 1057 1521 1142 ἀπόρ-

297 1189 397 1265 τιμυς,
424 1181 456 1246 ἓν
483 1181 561 1267 ἀχίιρ
588 1185 736 1267 πνεύματι
763 1181 922 1266 ἀγαπητός
950 1179 1164 1267 ἀδελφόςκαὶ
1196 1180 1431 1262 συλλειτουρτός
1459 1186 1521 1262 της

295 1298 381 1387 ἡμῶν
405 1305 612 1385 μετριότητος,
635 1309 692 1384 κῦρ
713 1299 837 1376 Νεῖλος,
861 1297 1004 1384 οὐδαμῶς
1031 1299 1172 1382 περιιδεῖν
1198 1299 1268 1361 δίον
1295 1297 1414 1380 ἔκρινεν
1443 1294 1521 1358 ἀδι-
1621 1353 1622 1360 ,

294 1423 447 1504 κουμένην
469 1421 521 1504 την
543 1421 704 1503 λαχοῦσαν
727 1415 817 1482 αὐτόν
841 1417 888 1481 ἐπί
909 1429 946 1503 τῇ
969 1416 1071 1500 οἰκεία
1093 1421 1188 1502 ταότη
1212 1415 1377 1501 ἐπισκοπῇ,
1399 1421 1457 1479 καί
1479 1435 1521 1492 ηε

296 1539 452 1624 ἀναφορὰν
479 1543 695 1622 ποιησαμένου,
713 1541 787 1621 πρός
814 1540 865 1600 τόν
893 1535 930 1600 ἐκ
961 1540 1038 1600 θεοῦ
1064 1541 1228 1620 κράτιστον
1253 1539 1308 1598 καί
1339 1533 1427 1612 ἅγιόν
1455 1555 1521 1617 μου

296 1653 506 1740 αὐτοκράτορα
527 1661 581 1720 καί
602 1661 702 1740 κρίσιν
725 1653 943 1740 αἰτησαμένου,
965 1653 982 1719 ό
1005 1653 1041 1718 ἀνι
1064 1657 1141 1718 θεοῦ
1165 1654 1319 1736 βασιλεὺς,
1341 1649 1361 1737 ἡ
1386 1654 1516 1734 βασιλι-

295 1778 417 1858 κωτάτη
445 1774 489 1857 τηῖ
514 1772 577 1838 ὄντι
604 1775 687 1858 ψυχὴ
709 1779 763 1837 καί
787 1776 882 1858 μηδὲν
905 1769 982 1836 οὕτω
1003 1778 1138 1837 πνόουσα
1160 1777 1215 1836 καί
1236 1782 1387 1857 τρυφῶσα,
1411 1769 1454 1842 ἀς
1478 1775 1516 1835 τό

294 1879 491 1978 δικαιοσύνην
522 1902 681 1978 πανταχοῦ
713 1894 931 1956 πολιτεύεσθαι
968 1895 1023 1955 καί
1055 1891 1239 1975 ἐπικρατεῖν,
1273 1889 1425 1972 ἐπιτρέπει
1457 1896 1518 1954 καί

294 2011 477 2098 ἀνατίθησιν
503 2009 573 2096 ἡμῖν
603 2013 770 2083 συνοδικῦς
796 2016 851 2074 καί
876 2021 1045 2082 κανονικόις
1072 2013 1106 2073 τό
1134 2009 1403 2096 ἀμφισβητήσιμον
1425 2009 1517 2072 διευ-

294 2133 428 2195 λυτιῦσαι
460 2131 645 2224 ἀμφοτέροις
678 2134 796 2203 τούτοις
829 2132 866 2216 δη
894 2143 955 2202 τοῖς
978 2129 1153 2214 ἱερωτάτοις
1182 2127 1388 2214 ἀρχιερεῦσιν·
1421 2128 1517 2192 ἔνθεν

293 2271 341 2313 τοι
366 2252 421 2311 καί
447 2249 615 2320 συνοδυιῶς
643 2246 791 2332 ἀλλήλοις
819 2247 1036 2332 ἀντιφίρονται,
1066 2249 1098 2311 ἀν
1126 2258 1164 2331 τῇ
1197 2256 1250 2330 τῆς
1276 2245 1517 2329 Γορηοεπηκόου

293 2369 453 2450 σεβασμίη,
477 2377 554 2450 μονη
584 2367 793 2429 συνελθόντων
823 2342 1136 2460 ἠμῦν,ρζητησαντος
1164 2373 1252 2427 τοῦτο
1285 2371 1339 2426 τοῦ
1365 2362 1517 2426 Παλαιιῖιν

293 2483 420 2568 Πατρῶν
442 2484 495 2547 διὰ
517 2485 571 2568 την
594 2486 737 2569 συνήθως
760 2482 960 2567 ἐνοχλοῦσαν·
976 2482 1067 2546 αὐτόν
1094 2481 1276 2559 ἀσθένειαν,
1303 2481 1517 2565 διαμηνοθίν-

294 2625 345 2673 τος
376 2607 522 2686 πρότερον
555 2607 609 2666 καί
634 2601 673 2666 δι’
700 2603 870 2686 ίερωτάτων
899 2602 1065 2687 ἀρχιερέων
1098 2607 1152 2664 καί
1184 2599 1224 2664 δι’
1247 2599 1518 2685 ἑκκλησιαστικῦν
1621 2679 1622 2690 φ

294 2719 449 2804 ἀρχόντων
483 2722 635 2807 διαφόρως
661 2725 715 2784 καί
738 2717 958 2814 ὑπερτεθίντος
979 2729 1033 2784 τοῦ
1058 2725 1238 2804 πράγματος
1264 2724 1319 2782 καὶ
1342 2717 1390 2782 δαί
1416 2727 1519 2804 μῆνας

295 2835 372 2900 ἀπτά
402 2839 454 2900 διὰ
480 2840 533 2921 την
559 2841 701 2923 τοιαότην
729 2835 822 2901 αὐτοῦ
852 2837 1033 2903 ἀσθένειαν·
1055 2843 1110 2902 καί
1133 2837 1198 2901 ἐπεὶ
1219 2849 1283 2908 ταῖς
1307 2833 1412 2908 αόταῖς
1434 2835 1518 2920 ἦσαν

295 2953 407 3026 αἰτίαις
428 2961 482 3018 καί
506 2954 672 3042 ἀμφότεροι
694 2961 847 3040 χρώμενοι
868 2961 922 3019 καί
950 2933 1222 3040 διισχυριζόμενοι,
1255 2967 1292 3040 τι]
1324 2951 1393 3016 κατ’
1422 2951 1519 3019 αότόν

295 3071 440 3156 ἑκάτερος
472 3074 627 3158 ἐκκλησία
658 3075 822 3160 διαφέρειν·
847 3073 986 3158 ἀρχῆθεν
1014 3077 1068 3158 την
1097 3057 1278 3160 ἀμφίμαχον
1308 3075 1419 3158 ταύτην
1447 3071 1518 3137 ἐπι-

296 3191 428 3274 σκοπην,
454 3193 570 3276 πολλὴν
595 3190 693 3277 ἡμεῖς,
716 3191 758 3264 ὡς
781 3193 872 3268 εἰκός,
905 3195 972 3275 περί
1004 3175 1111 3256 τοῦτου
1145 3196 1270 3277 ζήτησιν
1300 3195 1518 3276 ποιησάμενοι,

296 3303 421 3391 εῦρυμεν
449 3306 602 3394 ἀριδηλως
627 3316 682 3374 καί
707 3320 844 3396 φανερῶς
871 3309 908 3372 ἔκ
931 3333 962 3373 τε
991 3319 1044 3395 τῆς
1073 3311 1235 3394 σονοδικης
1261 3309 1416 3396 ἐγγράφου
1442 3311 1518 3372 δια-

296 3429 435 3503 γνώσεως
461 3430 515 3490 καί
537 3425 722 3513 ἀποφάσεως
745 3438 797 3492 τοῦ
820 3433 887 3492 τότε
909 3433 1103 3513 πατριάρχου
1130 3439 1187 3512 πῦρ
1212 3427 1392 3513 Γρηηυρίυυ,
1420 3425 1466 3514 ἀφ’
1489 3427 1518 3513 ἦ

295 3549 349 3608 καί
376 3547 483 3608 σεπτόν
509 3546 625 3628 προέβη
652 3547 894 3628 χρυσόβουλλον,
917 3551 971 3609 καί
1005 3545 1064 3609 ἀπὸ
1097 3558 1155 3610 τῦν
1189 3547 1289 3611 ἄλλων
1323 3547 1518 3622 παλαιγενων

294 3665 524 3747 δικαιωμάτων,
552 3661 629 3746 ἅπερ
652 3661 668 3726 ό
690 3662 942 3749 Λακεδαιμονίας
966 3669 1134 3747 προέτεινε,
1167 3673 1221 3728 τοῦ
1244 3665 1364 3746 βρεβίυυ
1392 3663 1517 3748 δηλαδὴ

295 3789 349 3864 τῆς
382 3783 544 3867 βασιλικῆς
576 3786 631 3846 καί
663 3783 826 3866 συνυδικῆς
859 3783 1022 3858 ἐνδόσεως,
1057 3780 1102 3868 ἐφ’
1130 3782 1155 3868 ᾧ
1180 3785 1230 3845 τόν
1257 3779 1513 3865 Λακεδαιμονίοις

296 3897 470 3984 ἀπαρτησαι
499 3899 558 3965 ἀπό
585 3911 639 3986 τῆς
665 3898 733 3964 κατ’
756 3897 847 3964 αότάν
874 3897 992 3985 ἔνορίας
1026 3900 1196 3972 ότισκοπὰς
1223 3909 1300 3982 τρεῖς
1322 3891 1451 3976 Ιταῦτας,
1482 3905 1519 3964 τῦ

295 4016 492 4100 Ἀμόκλειον,
515 4023 568 4104 τὴν
591 4031 645 4106 τῆς
667 4021 789 4106 Πίσσης
811 4025 865 4083 καί
887 4022 941 4104 τήν
963 4030 1022 4082 τῶν
1045 4019 1186 4102 Ἐίερῦν,
1209 4029 1267 4082 τῶν
1296 4031 1410 4082 σεπτων
1434 4039 1516 4104 χρυ-

294 4139 478 4218 σοβοῦλλων,
491 4148 544 4202 τοῦ
567 4149 694 4204 τοπικοῦ
718 4144 932 4225 σημειιόματυς
954 4143 1087 4203 καὶτῶν
1110 4137 1211 4202 ἄλλων
1234 4140 1386 4225 διαφόρων
1408 4139 1516 4202 δικαι-

295 4257 438 4338 ωμάτων,
461 4254 502 4328 ὡς
524 4255 645 4321 ἀνωθεν
666 4263 720 4321 καί
742 4257 774 4332 ἐξ
797 4257 895 4343 ἀρχῆς
920 4258 985 4321 ἰδία
1012 4267 1066 4342 τῆς
1088 4257 1325 4342 Λακεδαίμονος
1348 4255 1385 4341 ἦν
1407 4253 1426 4341 ἡ
1450 4279 1516 4320 τοι-

296 4363 373 4458 αότη
399 4384 453 4440 τοῦ
475 4375 660 4461 Ἀμυκλείου
684 4376 833 4462 ἀπισκοπὴ
860 4382 914 4441 καί
929 4375 1017 4468 αὐτῇ
1044 4373 1193 4454 ὑπέκειτο,
1218 4375 1245 4438 εί
1267 4381 1320 4440 καί
1343 4376 1456 4458 μεταεῦ
1480 4374 1517 4446 ὲκ

295 4499 481 4576 περιπετείας
503 4501 621 4568 πάντως
645 4493 701 4561 ὑπὸ
729 4497 782 4580 τήν
806 4509 864 4561 των
887 4497 1032 4561 Παλαιιῦν
1055 4497 1184 4580 Πάτρων
1212 4501 1349 4575 γίηονεν·
1374 4493 1518 4579 ἐχωρεῖτο
