3258 5282
1249 315 1312 378 36⁷

76 499 263 566 εύπείθτιαν
285 508 339 567 καί
356 499 525 568 Ιύπακούειν
553 499 643 586 αύτῷ,
666 499 711 587 ἂρ’
735 499 779 572 οἷς
802 499 852 580 (ἂν
876 501 946 584 ίχυι
967 502 1082 578 λίγειν)
1095 503 1169 584 πρὸς
1192 497 1311 574 αύτούς,

75 622 239 708 ἀφορῶσιν
262 622 305 694 εἰς
327 623 461 706 ψυχικὴν
489 618 588 686 αὐτῶν
615 622 818 685 λυσιτάλειαν·
847 620 874 683 εὶ
900 620 935 682 ύί
962 641 1007 692 εις
1036 618 1203 698 ἀντιλίγειν
1229 616 1311 704 αύτῷ

75 743 252 825 πειραθείη
273 744 329 803 καί
349 739 577 823 ἀντιπράττειν,
606 736 740 823 εὐθύνην
767 736 971 822 ύποοτησεται
997 747 1169 824 κανονικύς
1196 739 1249 823 την
1272 736 1308 801 ἀ-

75 861 143 932 ξίαν
165 863 256 942 παρὰ
279 868 332 942 τῆς
353 855 439 942 ἡμῶν
462 862 668 947 μετριότητος.
691 859 821 932 καθίξει
836 861 934 920 τοίνυν
951 851 1039 928 ούτος
1055 857 1108 940 την
1122 861 1311 938 προστασίαν

76 980 131 1038 καί
160 978 221 1060 τὴν
249 974 349 1060 ἀρχὴν
375 987 428 1062 τῆς
454 979 597 1062 τοιαύτης
624 987 729 1062 μονῆς,
757 979 894 1060 μετίχων
921 981 976 1038 καί
1002 983 1056 1038 τού
1081 973 1232 1059 ύνύματος
1258 981 1313 1040 καί

79 1102 133 1157 τού
160 1099 261 1157 τύπου
293 1099 347 1157 καί
373 1103 427 1178 τῆς
452 1095 616 1178 προεδρίας
641 1099 696 1158 καί
721 1105 779 1157 τῶν
807 1093 908 1157 ἄλλων
935 1105 994 1157 τῶν
1025 1092 1199 1178 ἀνηκόντων
1228 1091 1313 1178 αύτηῐ

79 1213 225 1288 δικαίων,
249 1211 486 1296 ίπιμελούμινυς
508 1219 562 1277 καί
584 1219 763 1299 φροντίζων,
786 1214 896 1283 καθὼς
923 1212 1053 1298 εἴρηται,
1081 1221 1135 1296 της
1158 1208 1313 1297 εύκύομου

81 1332 200 1403 τάξεώς
224 1353 258 1393 τε
280 1336 334 1394 καί
357 1335 577 1405 καταστάσεως
599 1341 653 1416 τῆς
676 1342 772 1416 μονῆς
793 1333 905 1416 ταύτης
927 1335 982 1395 καί
1003 1341 1057 1416 τῆς
1084 1329 1132 1395 ἐπὶ
1153 1333 1189 1394 τά
1210 1343 1311 1415 κρείτ-

82 1467 132 1510 εον
157 1447 329 1522 ίπιθύσευίς
351 1472 383 1513 τε
404 1455 459 1514 καί
481 1447 637 1534 αὐξήσεως
659 1459 717 1512 τῶν
738 1454 911 1534 προσάντων
933 1445 1012 1534 αὐτῇ
1030 1453 1194 1534 κτημάτων
1211 1471 1244 1513 τε
1258 1455 1313 1513 καί

81 1570 274 1650 πραγμάτων
295 1573 350 1632 καί
370 1571 483 1632 λοιπῶν
506 1568 608 1632 ἄλλων
630 1569 767 1633 δικαίων.
790 1573 844 1632 καί
864 1567 904 1632 δι’
926 1566 1099 1660 ἀσφάλειαν
1128 1567 1313 1634 ἀπολίλυται

85 1681 167 1768 αύτῷ
187 1685 245 1748 καί
266 1688 301 1749 τύ
323 1689 419 1770 παρόν
442 1688 639 1772 ίνταλτήρισν
662 1691 789 1772 γράμμα
811 1697 865 1771 της
886 1685 973 1772 ἡμῶν
997 1691 1191 1772 μρτριύτητος
1214 1692 1243 1764 †.

168 1807 190 1881 †
225 1802 334 1888 Εἶχε
366 1809 442 1868 καί
474 1806 553 1892 διὰ,
585 1809 740 1889 τιμίας
776 1816 1117 1889 πατριαρχικῆς
1155 1809 1312 1889 χειρὸς

88 1925 145 1984 τά·
180 1927 290 2006 μηνί
322 1923 479 2006 ίουνίιρ
511 1922 589 1986 ίνύ.
623 1923 819 2008 δεκάτης
851 1927 881 2000 †.

170 2047 191 2118 †
215 2039 406 2124 Προσίκειτυ
428 2040 486 2105 καί
504 2049 594 2106 τούτο
617 2040 648 2104 ἂν
670 2041 712 2126 τῷ
731 2044 857 2125 παρύντι
880 2045 1047 2126 γράμματι·
1070 2039 1116 2104 ’ύτι
1139 2040 1256 2128 ύρείλει
1278 2045 1312 2106 bt

89 2154 175 2231 ούτυς
197 2165 412 2244 παραπίμαειν
434 2158 669 2246 άνεγκρατητως
691 2160 734 2231 εἰς
756 2163 790 2224 τά
812 2163 1034 2244 πατριαρχικύν
1048 2161 1170 2224 κελλίον
1191 2163 1224 2222 τύ
1240 2163 1313 2224 σύν-

91 2278 167 2358 ηθες
188 2283 245 2342 καί
268 2275 515 2362 ἅποτεεαγμίνον
537 2282 699 2342 κανονικύν
722 2283 752 2356 †.

380 2463 519 2529 CLXVI.
542 2463 783 2542 (6865-1357)
801 2461 887 2526 iunio
905 2463 968 2527 ind.
984 2465 1025 2527 X.

266 2605 595 2674 θριιοάιεεπεείτυροίίεσε
611 2603 789 2657 Μαετκύείσο
804 2607 923 2658 mutui!
942 2606 996 2658 άιιο
1012 2605 1137 2660 mulla.

173 2754 194 2829 †
215 2749 252 2815 ‘0
275 2749 437 2833 ἱερώτατος
459 2749 685 2834 μητροπολίτης
707 2748 912 2833 Μεσημβρίας
925 2753 981 2812 καί
995 2747 1156 2844 ύπίρτιμος
1171 2754 1225 2814 καί
1239 2757 1316 2834 πρὸ·

97 2869 180 2950 εύρυς
202 2868 390 2953 Ἀγχιάλου,
412 2872 494 2931 κατὰ
515 2878 633 2951 πνεῦμα
656 2867 815 2953 ἀγαπητὸς
845 2867 979 2952 ἀδελφάς
1001 2877 1055 2952 της
1081 2864 1167 2952 ἡμων
1195 2875 1318 2953 μετριά-

98 3007 182 3068 εηευς
203 2991 260 3050 καί
281 2987 524 3068 ουλλειτυυργύς,
547 2995 606 3069 κύρ
629 2986 802 3061 Ἀντύνιυς,
831 2987 1035 3058 συνιλεύσεως
1061 2997 1166 3071 κοινῆς
1189 2994 1318 3072 γενομί-

98 3125 147 3186 νης
168 3115 225 3166 των
248 3103 281 3166 ἂν
303 3114 342 3188 τη
363 3105 561 3186 θεούοξάττιρ
583 3111 637 3167 καί
652 3106 890 3187 θεομεγαλύνειρ
905 3103 1223 3170 Κωνσταντινουπόλει
1237 3129 1317 3192 παρ-

102 3223 187 3284 ύντων
213 3221 385 3306 ἱερωτάτων
413 3219 595 3304 ἀρχιερίιυν,
624 3226 720 3284 συνύν
749 3220 852 3293 αύτούς
878 3227 933 3286 καί
959 3220 1051 3296 αὐτάς
1078 3230 1131 3288 καί
1159 3228 1319 3309 συνεδριά-

103 3341 155 3408 ίων
176 3336 323 3424 ιη’ἡμῶν
346 3341 529 3422 μιτριύτητι,
551 3344 716 3422 κεκίνηκεν
739 3337 786 3401 ύπί
806 3348 859 3402 τοῦ
882 3344 992 3422 μίσυυ,
1020 3338 1061 3412 ύυς
1089 3353 1125 3424 τῇ
1152 3339 1199 3406 ὑπ’
1227 3340 1320 3407 αύτόν

105 3451 198 3538 ίνυρίη
220 3460 300 3540 μετὰ
322 3466 380 3518 τῶν
403 3455 514 3531 ἄλλων,
537 3453 614 3538 ἅπερ
638 3453 716 3541 αὐτῇ
739 3453 923 3532 ύπάκεινται,
947 3457 1020 3521 εὶοίν
1037 3456 1073 3520 ἐκ
1094 3461 1227 3523 παλαιοί
1243 3457 1318 3524 ὁπο-

106 3580 268 3658 τεταγμάνα
290 3578 344 3637 καί
365 3578 403 3636 τά
424 3577 492 3656 περί
513 3575 567 3657 την
589 3572 790 3658 Μεσημβρίαν
814 3575 867 3637 δύο
890 3575 1068 3650 καστίλλια,
1092 3573 1132 3638 ύν
1154 3579 1188 3638 τύ
1211 3581 1265 3658 μίν
1287 3577 1319 3640 tv

106 3687 258 3760 Κυίίακσν
281 3689 481 3774 ὀνομάζουσιν
505 3690 676 3774 ίγχωρίως,
706 3693 740 3753 τύ
763 3691 798 3758 δὲ
819 3689 925 3774 ύτερον
945 3691 1105 3774 Ἔμμονα,
1133 3690 1179 3756 ὅτι
1202 3695 1235 3756 δί
1264 3691 1320 3758 ύπά

110 3808 156 3889 τὴν
175 3811 356 3875 ύεοαυτείαν
378 3811 500 3874 τελοῦσι
522 3818 575 3872 τού
598 3806 821 3893 εὐτυχεστάτου
844 3812 995 3874 ύεσπύτυυ
1021 3819 1074 3874 τού
1096 3811 1319 3896 Τυμτροτίτία,

111 3931 284 4009 τυγχάνουσι
306 3935 359 3990 καί
381 3926 599 4011 ἀρχιερατικῆς
622 3927 811 4011 ίπισκέψεως
832 3933 916 4011 παρὰ
938 3938 991 3990 τοῦ
1013 3929 1134 4013 Βάρνης
1156 3934 1190 3992 τύ
1213 3951 1248 4008 γε
1270 3939 1321 3994 νύν

113 4039 187 4126 ίχυν,
208 4052 264 4110 καί
285 4045 433 4130 ἐζήτησεν
455 4044 656 4126 ἐπαναλαβεῖν
679 4041 757 4108 αύτά
780 4057 817 4130 τῇ
839 4044 908 4107 κατ’
931 4043 1023 4108 αύτύν
1045 4046 1200 4132 ἐκκλησία
1219 4048 1320 4132 ἀρχη-

115 4161 163 4224 θιν
182 4164 372 4250 ύιαρίροντα.
395 4161 414 4248 ἡ
438 4173 511 4240 γοῦν
534 4166 696 4246 μετριότης
716 4158 811 4246 ἡμῶν,
835 4164 1066 4247 διασκεψαμὲνη
1088 4177 1178 4250 κοινῇ
1201 4168 1321 4246 σύναμα

115 4287 168 4349 ευίς
186 4288 249 4366 περί
272 4277 365 4364 αὐτὴν
387 4281 558 4362 ἱερωτάτοις
582 4280 757 4364 ἀρχιερεῦσι
779 4285 833 4344 καί
855 4277 1037 4363 ύπερτίμοις,
1061 4285 1102 4366 τῷ
1119 4283 1259 4368 ’Βρίσυω
1281 4284 1322 4364 τῷ

118 4391 296 4478 Ἡρακλείας,
320 4401 360 4484 τῷ
380 4399 522 4483 Βρύσεως
543 4404 598 4462 καί
620 4401 671 4461 τύν
694 4402 785 4460 τύπον
809 4396 948 4481 ἐπέχοντι
971 4407 1024 4462 τού
1039 4399 1183 4475 Κυζίκου,
1208 4399 1249 4484 τιρ
1267 4399 1319 4462 Σί-

121 4511 176 4594 δης,
197 4521 235 4602 τῷ
253 4519 542 4604 Ἀύριανουπύλεως,
565 4517 606 4600 τῷ
624 4515 827 4587 Σωζυπύλεως
850 4521 903 4588 καί
925 4521 976 4580 τάν
999 4523 1089 4582 τύκον
1113 4519 1252 4602 ίπίχοντι
1268 4527 1321 4580 τοῦ
