3282 5270
551 543 770 611 ccxxxvn.
788 546 1027 624 (6876-1368)
1041 546 1189 611 ianuario.
1206 546 1268 612 ind.
1283 546 1335 612 v1.

675 737 843 792 Τυδειίατίιιε
857 738 991 792 Mantua
1004 739 1207 793 εοκάευεκοίατ.

419 954 439 1030 †
454 949 535 1035 Μηνί
548 949 722 1035 ίανουαρίμ,
739 953 790 1028 ιδ’,
805 949 907 1036 ήμίρη
921 957 1016 1036 τρίτη,
1034 951 1091 1015 ίνδ.
1108 953 1145 1027 ς’,
1159 952 1402 1036 προκαθημένου
1421 958 1475 1014 εοό
1488 949 1547 1012 πα·
1626 939 1627 990 ί

336 1073 524 1148 ναγιωτόευυ
538 1067 625 1154 ἡμῶν
640 1073 800 1146 δεσπότου,
823 1079 876 1134 τού
892 1071 1106 1154 οίκουμενικοῦ
1119 1074 1318 1155 πατριάρχου,
1342 1069 1452 1140 ἐντοῖς
1473 1071 1546 1132 κελ-

335 1189 412 1261 λίοις
435 1199 490 1274 τῆς
522 1190 659 1273 μεγάλης
687 1187 859 1274 ἁγιωσύνης
883 1187 976 1255 αὐτοῦ
998 1189 1030 1252 όν
1053 1203 1113 1262 τοίς
1135 1192 1243 1263 δεξιοῖς
1264 1193 1547 1274 κατηχυυμενείσις,
1627 1228 1628 1322 η

334 1307 586 1389 συνεδριαζόντων
609 1305 691 1392 αύτῷ
710 1313 765 1374 καί
780 1320 838 1372 ειῐιν
859 1307 1064 1391 ίερωτάτων
1049 1313 1216 1392 αρχιερόων
1231 1312 1285 1371 καί
1301 1304 1480 1389 ὁπορτίμειν,
1496 1313 1547 1368 τού

333 1423 397 1489 Κατ
387 1430 535 1507 ·,σαρείας
559 1435 612 1489 τυό
634 1425 773 1513 Ἐρίσυυ,
795 1436 849 1489 τού
870 1425 1061 1510 Ἡρακλείας,
1094 1435 1148 1496 τού
1170 1425 1384 1510 Χαλκηδόνος,
1418 1433 1472 1486 τοῦ
1493 1424 1548 1488 Bt

334 1546 433 1627 ζόης,
448 1551 500 1606 τού
521 1543 674 1626 Βρύσεως,
699 1543 841 1629 όλαλήδη
862 1550 929 1630 περί
950 1553 1004 1609 τού
1027 1545 1077 1608 ίπί
1097 1555 1156 1608 τῶν
1177 1546 1311 1629 δεήσεων
1336 1553 1391 1628 τῆς
1414 1541 1547 1621 άγυειτά-
1628 1578 1629 1590 1

335 1681 390 1744 της
412 1671 465 1724 τοῦ
489 1662 566 1724 θεοῦ
589 1665 727 1746 μεγάλης
759 1662 938 1748 όκκλησίας,
964 1673 1017 1728 τοῦ
1039 1659 1202 1748 Μαρυυλό,
1235 1662 1280 1727 δτι
1308 1668 1422 1746 συνήήε
1443 1665 1547 1744 κόριον
1628 1655 1629 1658 '

333 1777 409 1842 ὡσεί
432 1783 548 1863 χρόνων
572 1778 658 1856 ἑπτά,
681 1784 791 1853 καδεός
814 1781 830 1847 5
853 1781 900 1846 άπί
923 1794 980 1846 τῶν
1002 1789 1130 1866 κρίσεων
1150 1793 1203 1868 τής
1219 1783 1390 1866 ἁγιωτάτης
1413 1783 1549 1864 μεγάλης

332 1907 386 1961 τού
408 1899 487 1961 θεοῦ
510 1897 679 1983 ἰκκλησίας
700 1899 848 1974 όξετάσας
864 1899 1041 1985 ἀνήνεγκεν,
1065 1901 1150 1984 ἀνδρί
1165 1901 1216 1963 διὰ
1232 1910 1401 1982 σταυρικων
1417 1901 1548 1981 δεσμῶν,

333 2015 377 2087 είς
399 2013 473 2099 ὅπερ
503 2019 716 2102 προσκληθείς
737 2016 754 2082 5
776 2020 996 2104 ταβουλλάριος
1017 2021 1217 2103 πρεσβύτερος
1239 2016 1256 2080 5
1278 2015 1460 2102 Ῥαδαρίτης
1481 2038 1549 2081 ποι-

332 2143 407 2219 ήσαι
429 2139 483 2199 καί
497 2159 500 2164 ’
513 2133 604 2207 αὐτός
631 2141 793 2220 στσυρικόν
816 2139 944 2222 δεσμόν,
978 2135 1035 2202 υόκ
1057 2135 1201 2220 λδίλησι,
1234 2115 1269 2198 τό
1301 2140 1406 2220 κόριον
1427 2135 1551 2219 ’άνηβον

330 2253 414 2329 ὶδιόν,
437 2255 546 2324 καύύς
568 2253 685 2326 ίκείνος
706 2258 783 2337 πρός
806 2257 860 2339 τήν
883 2255 967 2338 ίεράν
988 2259 1043 2318 καί
1064 2257 1156 2318 δείαν
1179 2253 1284 2339 εἴρηκε
1299 2257 1437 2330 σύνοδον,
1458 2273 1551 2336 παρτ·
1630 2279 1631 2344 3

333 2375 485 2454 σταμόνου
505 2376 561 2452 καί
583 2375 621 2436 τά
641 2373 690 2436 ἐπί
703 2383 764 2436 των
785 2375 930 2458 δεήσεων,
952 2377 1007 2436 καί
1029 2369 1075 2436 ότι
1099 2372 1219 2451 ἐγένετο
1241 2369 1291 2436 ἐπί
1311 2375 1408 2454 τούτῳ
1430 2375 1487 2436 καί
1501 2369 1551 2434 τό·
1630 2347 1631 2384 ³

332 2491 478 2574 λόγησις,Ι
506 2491 716 2574 παρελθόντος
738 2495 816 2575 μετὰ
838 2491 909 2564 τούς
932 2493 1084 2574 οταυρούς
1103 2496 1215 2576 χρόνου
1241 2491 1317 2564 ύνός·
1350 2493 1426 2574 πρός
1458 2500 1553 2562 ταῦτα

334 2606 527 2694 ἀπεφήναντο
550 2607 580 2673 ot
601 2607 758 2692 ἱερύτατοι
781 2609 953 2694 ἀρχιερεῖς,
975 2607 1022 2674 ότι
1055 2609 1175 2674 δίκαιόν
1197 2609 1263 2674 ἔστι
1293 2613 1409 2674 παθεῖν
1435 2613 1488 2674 τόν
1511 2607 1554 2672 ἐπί

332 2735 391 2789 τῶν
413 2727 549 2811 δεήσεων
572 2731 718 2812 τιμωρίαν
739 2728 891 2813 μεγάλην,
915 2725 973 2790 Ιότι
994 2751 1027 2790 τε
1051 2725 1086 2792 ού
1109 2739 1168 2791 τῶν
1183 2732 1334 2812 τυχόντων
1358 2726 1451 2803 ίστὶν,
1474 2725 1555 2790 ἀλλὰ

332 2848 386 2908 καί
407 2843 511 2928 άρχων
534 2855 588 2928 τῆς
610 2847 748 2930 μεγάλης
771 2843 954 2929 ίκκλησίας,
979 2849 1036 2908 καί
1055 2843 1207 2918 πολλάκις
1238 2849 1386 2928 περὶτῶν
1409 2847 1552 2908 τοιούτων

334 2961 480 3046 άκηκυύς
512 2967 596 3048 παρὰ
628 2973 682 3027 πού
713 2967 947 3042 παναγιωτάπυυ
972 2960 1058 3049 ἡμῶν
1080 2965 1239 3038 δεσπότου,
1262 2972 1316 3027 τοῦ
1338 2963 1553 3046 υίκυυμενικού

330 3084 536 3166 πατριάρχου,
569 3085 623 3146 καί
656 3081 724 3146 οἵαν
747 3085 829 3146 κατὰ
851 3091 909 3145 των
931 3085 969 3145 τά
995 3091 1122 3175 τοιαῦτα
1155 3085 1334 3166 τολμώντων
1366 3083 1421 3166 τήν
1454 3085 1554 3166 ήήρον

335 3196 511 3284 λεήνεγκεν,
540 3197 556 3263 5
583 3204 648 3286 γὰρ.
664 3201 766 3277 είδύς,
794 3205 883 3287 φησί,
905 3204 946 3264 τό
969 3201 1096 3285 δόλημα
1117 3209 1170 3264 τού
1192 3207 1297 3285 κυρίου
1320 3197 1413 3264 αὐτοῦ
1435 3203 1501 3263 καί·
1513 3199 1553 3282 μή

344 3329 438 3382 ποιῶν
461 3315 535 3382 αύτό
557 3319 725 3403 δαρήσεται
745 3321 871 3396 πολλάς,
893 3323 950 3383 καί
969 3317 1017 3382 ότι
1038 3325 1091 3382 καί
1114 3315 1206 3392 αύτός
1227 3321 1287 3402 τήν
1301 3318 1348 3382 ἐπὶ
1369 3318 1411 3404 τῷ
1431 3320 1556 3396 τοιούτῳ

345 3442 526 3520 υυνοικεσίιρ
558 3439 708 3514 όείδωκεν,
738 3435 899 3523 εύλόγησιν
926 3437 949 3502 5·
965 3439 1034 3508 τούς
1057 3438 1204 3521 σταυρυύς
1225 3445 1352 3520 ποιῆσαι
1372 3439 1408 3500 τό
1438 3446 1555 3518 πρῶτον

343 3557 548 3639 τετολμηκώς.
570 3555 639 3639 περὶ
659 3557 694 3620 δὲ
716 3565 769 3620 τού
790 3557 910 3640 ποταπή
934 3554 1059 3640 όυεαιή
1082 3561 1219 3640 τιμωρία,
1242 3554 1310 3618 οἵαν
1330 3552 1555 3630 όπαναγιιύτα·

343 3695 395 3746 τος
426 3671 512 3758 ἡμῶν
535 3675 694 3759 δεσπότης,
718 3673 969 3759 δυὶκυυμενικός
994 3677 1200 3758 πατριάρχης,
1217 3673 1309 3746 εἶπον,
1332 3673 1488 3753 διακρινεῖ.
1511 3670 1555 3734 ὲτί

343 3795 460 3864 τούτοις
481 3788 590 3870 διόγνω
622 3796 674 3854 καί
687 3849 688 3853 ,
701 3793 862 3875 διωρίσατο
885 3790 902 3856 5
922 3797 1153 3870 παναγιύτατυς
1177 3790 1263 3877 ήμῶν
1285 3792 1447 3875 δεσπότης,
1470 3788 1487 3854 5
1509 3790 1553 3853 οὶ-

341 3906 522 3992 κούμενικός
543 3913 742 3996 παγριοίρχης,
766 3907 919 3994 ,ὣςκᾶνή
945 3914 1000 3993 μὲν
1023 3909 1119 3991 ἀργός
1145 3919 1198 3972 τοῦ
1223 3909 1469 3992 ταβουλλαρικοΐι
1490 3911 1552 3972 λει-

341 4031 550 4110 τυυργήματος
571 4029 739 4104 παντελῶς,
764 4029 790 4114 ή
812 4029 845 4090 δὲ
867 4031 997 4112 καὶτῆς
1019 4025 1183 4112 ἱερωσύνης
1206 4026 1307 4111 ἀργός,
1322 4026 1382 4100 ἕως
1405 4027 1443 4092 ἂν
1465 4027 1551 4096 αὐτὸς

339 4148 479 4230 διακρίνῃ
502 4151 531 4224 †.
