3258 5282
1234 331 1298 396 397

82 535 209 594 γνωσιν,
236 515 300 581 ἐπεί
324 522 377 581 καί
402 517 447 590 τίς
471 519 525 602 την
549 521 616 600 περί
640 518 747 580 τοῦτου
773 515 943 601 ἀσφάλειαν
972 511 1157 578 ἀπόλόλοται
1181 517 1235 577 καί
1264 517 1298 576 τό

81 639 180 720 παρόν
204 641 332 720 γράμμα
354 647 407 722 της
428 633 513 721 ἡμῶν
537 636 732 719 μετριότητος
753 637 783 710 †.

167 759 189 834 †
221 755 328 840 Εἶχε
355 757 420 818 τό·
455 753 559 838 μηνί
590 754 814 837 νοιμβρίιρ
849 751 927 816 ὶνδ.
961 749 1007 815 ιδ’
1038 751 1111 814 διὰ
1143 754 1300 831 τιμίας

79 882 425 958 πατριαρχικῆς
458 876 614 955 χειρός
646 875 676 950 †.

509 1057 672 1124 CLXXIV
673 1103 681 1122 .
697 1059 772 1123 Sine
790 1077 878 1120 ιιοοο.

297 1199 483 1254 Panicum
501 1201 650 1254 ααλοτίαίίο
668 1201 701 1252 da
714 1198 897 1253 matrimoniis
910 1197 1088 1267 τ’τιιριιόσικαι.

167 1346 191 1422 †
212 1341 250 1408 Ἡ
264 1352 316 1406 τοῦ
332 1341 456 1421 ἀγαθοῦ
471 1349 621 1428 στέρησις,
645 1323 796 1429 ἀγαπητοί
813 1341 950 1428 ἀδελφοί,
965 1345 1019 1404 καί
1034 1337 1053 1425 ἡ
1075 1341 1225 1411 ίκπτωσις
1249 1349 1304 1404 τοῦ

80 1463 185 1526 καλοῦ
205 1463 300 1524 πολόν
325 1466 454 1555 παρέχει
480 1465 530 1525 τόν
546 1469 598 1524 τοῦ
617 1465 696 1525 θεοῦ
717 1465 919 1545 μακαρισμὸν,
946 1457 986 1531 ὣς
1008 1463 1066 1541 γάρ
1085 1456 1105 1543 ἡ
1125 1467 1178 1522 τοῦ
1202 1465 1304 1520 κακοῦ

81 1579 190 1664 ἀποχὴ
207 1579 290 1642 αἰτία
306 1585 418 1658 γίνεται
433 1591 487 1665 τῆς
500 1579 663 1650 ἐπιδόσεως
678 1589 735 1642 τῶν
748 1577 875 1656 ἀγαθῶν
889 1579 994 1661 ἔργων,
1011 1574 1090 1640 οότω
1105 1581 1158 1640 καί
1174 1573 1193 1660 ἡ
1211 1575 1305 1659 ἀργία

81 1709 139 1762 τῦν
175 1707 232 1761 τοῦ
259 1701 336 1761 θεοῦ
364 1697 492 1762 ἐντολῶν
518 1696 576 1760 οὐκ
602 1695 723 1774 ἀγαθός
748 1699 891 1780 πρόξενος
919 1701 1034 1781 πόφοκι
1062 1699 1136 1778 πρός
1165 1697 1218 1778 την
1251 1705 1305 1758 τοῦ

83 1819 151 1898 βίου
175 1820 360 1900 σεμνότητα,
385 1818 501 1900 μᾶλλον
524 1819 579 1899 μίν
602 1812 653 1878 οὖν
675 1819 729 1879 καί
751 1817 801 1878 τόν
823 1817 900 1878 θεόν
926 1813 970 1885 τίς
998 1813 1206 1897 ἀγανάκτησιν
1227 1813 1303 1878 καθ’

81 1931 166 2018 ἡμᾶς
189 1936 347 2017 διαγείρει.
370 1931 389 2017 ἡ
413 1939 471 2017 γάρ
494 1943 551 1996 τῶν
573 1935 665 1994 θείων
687 1937 823 2015 πατέρων
849 1934 1021 2014 νομοθεσία
1047 1939 1100 1993 τοῦ
1126 1934 1204 1994 θεοῦ
1225 1935 1304 1994 τάν-

82 2075 141 2125 τως
164 2052 227 2116 εἰσί
248 2054 348 2130 λόγια,
370 2055 423 2115 διὰ
444 2056 503 2135 γὰρ
530 2059 583 2114 τοῦ
605 2049 694 2128 ἀγίοο
719 2055 773 2113 καὶ
800 2051 987 2112 τελειοποιοῦ
1013 2051 1183 2132 πνεύματος
1210 2057 1306 2112 ταῦτα

84 2167 320 2254 ἀνομοθέτητον
342 2175 397 2233 καί
419 2167 570 2244 ἐδίδαξαν,
592 2175 646 2232 καί
668 2170 721 2232 διόι
743 2177 830 2231 τοῦτο
858 2167 1004 2246 ἀπάγουσι
1029 2173 1084 2231 καί
1110 2171 1163 2251 την
1179 2167 1306 2250 ἀπειλὴν

85 2291 220 2372 φοβερὰν
241 2291 315 2370 πρός
330 2291 399 2361 τοῦς
421 2287 559 2360 ἀπειθεῖς
585 2292 640 2350 καί
666 2257 854 2369 ἀγνόμωνας,
877 2291 927 2350 τόν
951 2284 1010 2348 ἀπό
1033 2294 1086 2348 τοῦ
1108 2289 1187 2349 θεοῦ
1210 2307 1305 2369 χωρι-

85 2409 162 2490 σμόν
197 2405 437 2491 ἀποφαινόμενοι
462 2404 530 2470 κατ’
558 2404 656 2471 αὐτῶν
686 2405 848 2490 ἀριδηλως.
883 2401 993 2468 οόκοῦν
1026 2408 1054 2466 τί
1087 2403 1306 2485 ἀναβάλλεσθε

84 2521 204 2608 ημόραν
228 2525 259 2596 ἐξ
280 2522 396 2609 ἡμέρας
419 2523 654 2608 ἀντιποιηθῆναι
679 2535 736 2587 τῶν
763 2521 891 2602 ἀγαθῶν
914 2523 1024 2605 ίργων;
1051 2527 1080 2585 τί
1108 2519 1149 2594 όις
1171 2527 1308 2608 σχοινίον

87 2645 221 2724 μακρόν,
247 2652 441 2727 προφητικῶς
468 2641 574 2716 είπτίν,
602 2639 773 2704 ἐπισπᾶσθτ
800 2645 856 2712 τάς
883 2637 1033 2724 ἁμαρτίας
1059 2637 1154 2723 όμιῦν,
1184 2646 1239 2703 καί
1265 2639 1308 2712 ὡς

88 2761 163 2842 βαρό
186 2766 311 2847 φορτίον
338 2783 371 2823 τε
396 2765 451 2823 καί
476 2761 708 2840 δοσβσίστακτον
735 2755 770 2822 οὐ
796 2759 934 2822 παιδτόιι
961 2755 1039 2840 ὑμᾶς
1064 2755 1084 2843 ἡ
1112 2764 1207 2842 πικρὰ
1230 2755 1310 2844 αὕτη

86 2885 139 2942 καί
160 2881 247 2962 δεινὴ
271 2878 468 2962 αίχμαλωσία
489 2875 509 2962 ἡ
532 2875 608 2939 καθ’
630 2874 748 2960 ἡμέραν
770 2883 942 2961 συνέχουσα
963 2881 1018 2938 καί
1040 2879 1255 2959 συντρίβουσα;
1271 2873 1308 2941 οό

88 3001 293 3080 συνταράσσει
323 2999 377 3079 την
409 2992 558 3080 ἡμετόραν
591 2995 728 3058 διάνοιαν
754 2993 770 3058 ό
796 2993 872 3058 καθ’
904 2992 987 3080 ἡμᾶς
1020 2993 1068 3058 ἀτί
1101 2993 1310 3080 όπηρτημόνος

89 3117 228 3186 κίνδυνός
250 3137 283 3176 τε
305 3119 359 3177 καί
381 3115 491 3197 φόβος;
513 3109 548 3175 οό
571 3113 737 3176 κυκλοῦσιν
757 3110 840 3197 ἡμᾶς
864 3112 892 3176 οἱ
913 3115 1054 3195 πολέμιοι
1076 3111 1117 3185 ὣς
1133 3115 1234 3196 ἀγριοι
1255 3120 1310 3178 καί

91 3231 238 3296 ἀτίθασοι
260 3235 364 3316 θῆρες,
389 3233 517 3315 μανικόν
540 3229 604 3294 οἷον
624 3233 764 3301 πνόοντες
786 3235 839 3292 καί
860 3233 1052 3313 κατάβρωμα
1077 3236 1310 3315 προσδοκῶντες

90 3355 229 3435 ποιήσειν
260 3348 342 3436 ἡμᾶς
374 3361 436 3421 τοίς
469 3347 590 3412 όδοῦσιν
618 3343 729 3422 αότιῦν,
762 3351 907 3432 καθάπερ
932 3351 1081 3432 πρόβατα,
1114 3355 1245 3434 ποιμόνα
1267 3353 1311 3434 μη

93 3469 222 3552 ἔχοντας
267 3473 339 3531 πότε
379 3473 477 3530 τοίνυν
518 3465 737 3549 ἐπιστρὲψυμεν
774 3465 809 3527 ἐκ
852 3477 905 3551 τῆς
945 3468 1062 3552 πλοίνης
1105 3471 1216 3551 ταύτης
1255 3473 1311 3531 καί

92 3597 143 3670 τῆς
169 3592 302 3662 κακίας;
334 3591 406 3649 πότε
435 3589 628 3666 συνοίσομεν,
660 3581 700 3653 ὣς
727 3582 824 3659 είκός,
849 3589 886 3647 τὰ
912 3587 1021 3648 δέοντα
1049 3596 1230 3666 συνορῶντες
1257 3585 1313 3648 καὶ

94 3706 404 3788 συνδιασκεψόμενοι;
432 3707 505 3767 πότι
539 3705 593 3773 τάς
627 3701 777 3784 ἁμαρτίας
803 3700 888 3788 ἡμῶν
916 3702 1145 3786 όξιλεωσόμιθα
1174 3705 1226 3765 διά
1258 3713 1315 3789 τῆς

94 3826 263 3908 καλλίστης
296 3821 476 3907 ἐπιστροφῆς
509 3820 564 3882 καὶ
596 3825 723 3903 γνησίας
749 3825 803 3882 καί
830 3820 1011 3902 εἰλικρινοῦς
1043 3823 1118 3903 πρός
1151 3825 1200 3883 τόν
1233 3825 1313 3886 θεόν

97 3949 273 4022 μετανοίας;
296 3939 330 4004 οῦ
358 3945 417 4024 γάρ
444 3939 535 4014 ἔστιν,
564 3935 620 4000 οὐκ
648 3938 740 4012 ἔστιν,
763 3936 803 4009 ὡς
827 3937 954 4021 ἀληθῶς
977 3951 1080 4021 χεῖρον
1104 3939 1313 4025 ἀναισθησίας

97 4066 147 4120 καί
169 4059 382 4136 ἀπογνώσεως,
405 4058 493 4121 ἄνοια
517 4061 575 4140 γὰρ
597 4060 650 4118 καί
666 4054 804 4132 ἀπόνοια,
820 4061 901 4118 κατὰ
917 4059 967 4118 τόν
984 4059 1078 4142 σοφόν
1094 4058 1200 4142 Σιράχ,
1216 4082 1312 4144 πονη-

100 4183 142 4260 ροί
164 4183 307 4256 γείτονες.
339 4179 431 4258 βαβαί
457 4187 511 4261 τῆς
536 4179 687 4257 κακίστης
715 4173 878 4254 ἐπιθυμίας
906 4177 958 4237 καί
985 4175 1150 4259 φιληδόνου
1176 4181 1229 4239 καί
1251 4200 1314 4259 μα-

100 4303 182 4367 ταίας
206 4295 344 4378 ὀρέξεως,
367 4295 620 4358 δυσαπάλλακτον
643 4295 716 4372 γὰρ,
743 4287 784 4360 ὡς
808 4287 944 4373 ἀληθῶς,
968 4303 1072 4377 χρῆμα
1094 4292 1113 4378 ἡ
1143 4299 1240 4357 κακία
1262 4301 1318 4357 καί

101 4419 172 4477 πάνυ
194 4418 489 4490 δυσκαταγώνιστον.
514 4414 616 4493 βοόλιι
637 4409 671 4470 δὲ
699 4411 809 4489 μαθεῖν
837 4410 970 4490 ἀκριβῶς
999 4415 1109 4494 ταύτης
1135 4415 1187 4494 τήν
1214 4416 1314 4496 θερα-

103 4541 183 4598 πείαν
204 4539 260 4598 καί
279 4533 378 4608 ἴασιν;
406 4531 562 4610 ἀναλαβοῦ
588 4530 638 4588 τόν
665 4533 718 4587 τοῦ
745 4527 823 4590 θεοῦ
850 4529 944 4610 φόβον
970 4541 1008 4612 πη
1031 4541 1071 4612 οη
1092 4531 1222 4612 διανοίη,
1252 4533 1318 4594 όπτὶ
