3284 5282
291 259 329 318 12

291 441 410 502 δειλιῶν
425 445 483 524 γάρ
497 439 534 525 ἡν
548 441 622 505 ἰδεῖν
636 452 751 520 τοῦτον,
763 446 804 528 μή
821 444 970 520 ίντεύθεν,
983 443 1066 517 ὅστις
1081 442 1153 522 ὶστί,
1165 448 1367 530 φανερωθείη,
1380 447 1504 530 πληρο-

290 564 399 644 φορίαν
424 560 459 622 δέ
482 557 563 644 ὅμως
585 562 688 642 λαβιύν
709 572 763 625 τού
785 566 826 647 μή
849 563 1036 648 ἐγνωσμένος
1059 560 1140 647 αὐτῷ
1160 561 1236 627 εἶναι
1258 563 1379 647 ένέτυχε
1402 566 1505 646 τούτῳ
1636 619 1637 626 ,

286 675 325 760 δὴ
347 677 390 761 τῷ
411 682 561 763 χατζύπη.
586 680 691 743 ἔπειτα
707 685 827 764 μαθῶν,
844 687 898 746 καί
919 686 989 755 τούς
1010 686 1075 766 περί
1098 683 1151 767 τήν
1173 683 1268 765 μονὴν
1290 691 1347 744 τῶν
1364 681 1505 772 Σανίδων

291 798 400 876 τύπους
423 795 680 882 ἐπιτηδειοτέρους
703 800 746 872 εἰς
768 799 964 884 ἀναχώρησιν
989 801 1066 864 εἶναι
1091 805 1146 862 καί
1173 810 1232 862 τῶν
1252 809 1410 882 κοσμικῶν
1428 775 1503 863 'oo-

291 913 388 994 ρύβιεν
411 911 664 999 ἀπηλλαγμένους
684 922 738 980 καί
760 916 917 1002 ὲπιστηναι
938 914 1039 990 αύτοῖς
1055 919 1248 1001 βουλύμκνος,
1272 921 1368 1002 ζητῶν
1383 914 1420 1000 ἠν
1447 919 1503 980 τὸν
1636 895 1637 922 ¹

292 1027 375 1114 αύτῷ
406 1035 641 1111 συνοδεύσοντα,
674 1041 728 1100 καί
760 1036 823 1100 ἐπεί
849 1035 939 1109 αὐτάς
965 1038 1003 1121 δὴ
1026 1033 1115 1108 ούτος
1141 1033 1158 1100 δ
1181 1035 1325 1114 Ἰγνάτιος
1347 1018 1505 1119 εἶχέτινα

292 1156 534 1228 κατεπείγουσιν
556 1159 663 1238 χρείαν
686 1153 733 1218 ἐπί
752 1156 793 1238 tq}
814 1158 931 1238 βιβλίαν
953 1177 981 1218 τι
1002 1158 1105 1237 λαβεῖν
1128 1154 1249 1218 ἐκεῖθεν
1270 1160 1324 1218 καί
1345 1157 1503 1238 μεταγρά-

294 1273 349 1352 ψαι
371 1269 413 1353 τιβ
432 1269 475 1342 εἰς
497 1269 726 1358 ἀκκληοίαρχον
748 1273 856 1358 ἀρτίως
879 1273 1084 1359 εύριακομένιμ
1112 1283 1166 1357 τῆς
1193 1270 1286 1356 αὐτῆς
1309 1282 1362 1336 τού
1383 1273 1505 1356 Πιπτρά

293 1395 388 1470 μονῆς
410 1391 537 1474 μοναχηῑ
557 1390 727 1476 Ἀρκαδίην,
755 1395 924 1458 συνῶδτυοε
947 1397 998 1456 τάν
1020 1398 1129 1476 τρίπον
1151 1402 1257 1455 τοῦτον
1280 1391 1386 1474 έκείνιρ
1412 1393 1504 1476 πλην,

290 1509 545 1590 καταντησάντων
572 1509 749 1596 ἀμφοτέρων
777 1512 819 1583 εὶς
848 1513 901 1596 την
929 1513 1123 1595 δηλωθεῖσαν
1150 1521 1209 1574 τῶν
1235 1509 1369 1574 Σανίδων
1396 1491 1512 1592 μονὴν,

293 1622 427 1688 δέδωκεν
445 1625 562 1710 εἴδησιν
582 1625 599 1692 δ
622 1625 730 1712 ῥηθείς
752 1630 895 1708 Ἰγνάτιος
908 1636 983 1714 περί
1004 1633 1111 1694 τούτου
1133 1629 1174 1713 τῷ
1194 1633 1419 1712 χρηματίσαντι
1439 1647 1504 1690 κα-

291 1743 475 1827 θηγουμένρ
502 1755 555 1828 τῆς
583 1743 677 1832 αὐτῆς
702 1758 796 1832 μονῆς
824 1747 931 1832 ἐκείνῳ
959 1757 1016 1831 κύρ
1043 1748 1215 1826 Ἀγάθωνι,
1249 1745 1334 1829 ἀνδρί
1365 1749 1404 1809 τά
1433 1748 1509 1809 θεῖα

293 1859 501 1946 έέηοκημίνιρ,
529 1867 662 1950 κοίτην
689 1865 850 1950 ἐπιδημίαν
882 1867 1000 1931 ἐκείνου
1027 1866 1043 1931 δ
1075 1863 1165 1938 αὐτὸς
1190 1874 1248 1950 κύρ
1274 1865 1420 1943 Ἀγάθων
1453 1865 1508 1928 διά

295 1983 349 2066 την
370 1979 544 2065 κρατοῦσαν
570 1981 644 2068 ὑπέρ
671 1982 764 2048 αὐτού
793 1989 896 2072 φήμην
919 1986 1152 2070 ἀποδεξάμενος,
1173 1996 1315 2068 προσεῖπε
1338 1988 1393 2066 μέν
1415 1978 1507 2046 αὐτὸν

293 2097 392 2186 ἡδέος
417 2107 472 2166 καί
496 2107 760 2187 προσεφθέγξατο,
786 2111 956 2190 κατενόησε
981 2109 1015 2169 δέ
1043 2103 1124 2188 ὅμως
1147 2102 1262 2168 ἐκεῖνον
1290 2101 1322 2178 ie
1343 2100 1384 2166 ῶν
1410 2099 1507 2186 ἤκουε

293 2219 424 2298 λέγοντά
450 2242 483 2284 τε
507 2226 562 2284 καί
588 2219 825 2307 έγκαυχῶμπνον
851 2225 947 2307 μηδὲν
973 2224 1175 2306 πνευματικὸν
1203 2222 1302 2305 ἔχειν,
1337 2217 1419 2283 ἀλλὰ
1445 2229 1508 2291 τοῖς

295 2344 437 2421 ματαίοις
460 2338 506 2404 ἔτι
531 2345 630 2427 φέρειν
653 2338 883 2424 έπιχάσκουσαν
905 2343 959 2426 τὴν
981 2343 1081 2426 ψυχὴν
1107 2341 1280 2425 φιλοτιμίας
1301 2343 1356 2400 καί
1377 2340 1506 2424 φιλοδο-

294 2458 361 2530 ξίας
377 2461 475 2522 πάθει
496 2467 549 2543 τῆς
572 2457 620 2522 έπί
641 2471 702 2531 τοῖς
724 2460 828 2538 λύγοις
839 2464 903 2565 φκαί
918 2469 970 2522 τού
986 2458 1024 2522 δι’
1041 2455 1138 2522 αὐτῶν
1154 2459 1359 2541 σεμνύνεσθαι
1381 2455 1506 2541 ένιοχδ-

293 2595 394 2658 μενον.
420 2577 498 2658 πλὴν
520 2575 641 2640 ἐκεῖθεν
663 2579 849 2660 μεταβάντες
871 2577 914 2649 εδς
936 2581 970 2641 τύ
994 2576 1146 2659 Χαρίορος
1172 2575 1213 2660 τῷ
1239 2577 1411 2660 φαινομένῳ
1440 2579 1507 2658 μέν,

294 2691 336 2764 ι’νς
358 2689 449 2766 αύτύς
471 2693 587 2771 έλεγεν,
607 2693 659 2757 ἵνα
680 2696 751 2766 τούς
772 2694 872 2760 έκεῖσε
887 2698 1123 2783 διαφερομένους
1145 2706 1182 2778 τῇ
1205 2692 1358 2777 έκκλησία
1376 2691 1430 2778 ίδη
1452 2695 1509 2756 καί

295 2821 353 2876 τῶν
374 2810 444 2896 παρ’
467 2809 565 2876 αύτῶν
591 2815 762 2896 λεγομένων
789 2813 964 2898 ἐπακούσῃ,
993 2813 1052 2878 ἀπὸ
1079 2817 1165 2898 ξένης
1191 2815 1287 2896 δῆθεν
1310 2810 1425 2887 έλθῶν,
1452 2813 1508 2874 καί

294 2929 337 3013 μὴ
364 2933 521 3007 γινώσκων
547 2933 602 3002 τάς
633 2941 692 2994 τῶν
724 2933 988 3004 σκανδαλιζύντων
1014 2933 1112 3015 δῆθεν
1143 2926 1252 3002 αύτούς
1279 2926 1435 3014 ἀφορμάς,
1469 2938 1508 3012 τη

292 3044 320 3112 δ’
337 3045 474 3132 ἀληθεία
489 3047 539 3112 έπί
552 3049 595 3134 τῷ
615 3046 710 3133 εὑρεῖν
725 3053 777 3114 τὸν
799 3046 1042 3135 ὑποχωρήσαντα
1062 3052 1120 3134 πρά
1143 3057 1252 3132 μιπρυύ
1275 3045 1311 3112 ίκ
1333 3057 1391 3110 τῶν
1413 3041 1509 3109 αδτού

296 3169 456 3251 μαθητῶν,
479 3165 520 3240 ῶς
542 3163 667 3252 ὕστερον
682 3169 846 3233 δέδεικται.
864 3169 958 3253 είςηει
976 3173 1034 3251 γάρ
1050 3165 1141 3232 αὐτὸν
1164 3157 1276 3244 έννοια,
1299 3170 1348 3251 μὴ.
1364 3185 1502 3250 φανερω-

294 3286 341 3368 θῇ
363 3280 410 3346 ὑπ’
433 3279 541 3361 αὐτού,
575 3283 657 3370 ὅμως
677 3289 865 3370 παραβολῶν
891 3285 923 3350 έν
951 3283 1051 3359 αὐτοῖς
1077 3291 1131 3350 καί
1157 3283 1251 3370 εύρῶν
1276 3288 1327 3348 τὸν
1355 3285 1507 3368 ζητούμε-

295 3419 363 3477 νον,
388 3405 462 3486 πρδς
484 3404 538 3487 τὴν
559 3403 735 3467 Ἀθαναίδα
756 3405 848 3468 πάλιν
870 3401 1035 3490 ἀπέστρεφε
1058 3403 1122 3488 μετ’
1146 3402 1248 3468 αύτού.
1279 3399 1509 3488 ἀποστρέφοντα

295 3521 331 3585 δέ
353 3527 508 3607 κατέσχον
530 3528 598 3606 περί
616 3543 676 3585 που
697 3526 732 3586 τύ
753 3523 963 3606 Ἀτραμύτιον,
986 3523 1094 3596 οἵτινες
1116 3522 1152 3588 έκ
1174 3533 1232 3585 τῶν
1255 3522 1423 3604 βασιλικῶν
1444 3541 1508 3584 πα-

296 3653 436 3726 ραμονῶν
458 3641 583 3726 ἔζητουν
608 3646 663 3705 καί
691 3640 860 3726 ἀνηρεύνων
888 3635 979 3706 αὐτὸν
1008 3641 1229 3713 ἀποσταλέντες
1257 3639 1304 3728 ἰπὶ
1329 3642 1425 3723 τούτιρ
1446 3639 1509 3703 λα-

297 3761 359 3842 βεῖν
382 3758 582 3843 ίπειγδμενοι.
598 3761 679 3824 ἔνθα
700 3761 739 3845 δὴ
761 3765 815 3824 καὶ
830 3769 960 3846 φανερού
983 3765 1154 3839 γεγονότος,
1177 3755 1269 3822 αύτόν
1291 3755 1407 3821 ἐκεῖνον
1430 3756 1511 3821 εἶναι

297 3881 349 3942 τάν
371 3882 527 3964 θεοστυγῆ
549 3884 603 3943 καί
629 3879 802 3964 ἀπόβλητον
821 3883 884 3942 Ιιιαί
911 3878 1200 3964 ἀποκεκηρυγμένον
1222 3877 1385 3962 Θεόφιλον,
1408 3872 1425 3938 ὁ
1448 3895 1509 3958 μο-

297 4001 394 4080 ναχδς
415 3996 561 4075 Ιγνάτιος,
586 3999 766 4079 προσελθὼν
792 4001 847 4060 καί
868 3996 1025 4081 ἐξυβρίσας
1051 3996 1092 4068 ῶς
1119 3995 1282 4059 ἀπατεῶνα
1313 3997 1368 4056 καί
1391 3995 1509 4058 πλάνον
1636 4041 1637 4048 1

295 4118 349 4179 καί
382 4111 556 4196 ἀναθέματι
587 4117 817 4197 καθυποβαλῶν
850 4112 907 4180 ύπύ
937 4120 1091 4199 παρουσία
1122 4117 1176 4178 καί
1202 4123 1256 4177 τού
1290 4112 1511 4196 πρυτοψάλτου

296 4241 350 4318 της
372 4231 540 4316 έκκλησίας
561 4233 772 4316 Ἀπραμυείου,
795 4233 841 4297 ίτι
867 4241 918 4297 νύν
943 4237 1098 4317 περιόντος
1119 4232 1161 4316 τῷ
1181 4235 1237 4315 βίιρ
1269 4236 1323 4295 καί
1354 4242 1393 4314 τῇ
1425 4235 1510 4315 νησιρ

295 4350 453 4437 Μιτυλήνη
475 4349 728 4436 ένδιατρίβοντος,
751 4352 793 4424 είς
815 4357 868 4438 την
890 4353 971 4417 ἰδίαν
993 4349 1085 4424 αὖθις
1107 4350 1262 4436 έπανῆλθε
1278 4352 1372 4434 μονην
1387 4351 1441 4434 την
1455 4358 1510 4438 της

295 4471 386 4550 άγίας
410 4471 534 4558 Ἄννης.
568 4472 601 4538 έν
633 4471 711 4558 αάτη
746 4479 804 4558 γάρ
828 4472 867 4558 ην
895 4478 973 4558 μετὰ
999 4481 1052 4537 τοῦ
1079 4471 1238 4557 εἰρημένου
1265 4469 1417 4554 Καμίλλου
1447 4489 1508 4533 κα-
