3314 5266
278 295 342 361 548

276 487 366 543 τοῦτο
387 483 598 562 πεποιηκέναι,
621 482 705 562 παρὰ
727 487 781 562 ιής
803 479 921 563 μητρός
943 455 1126 560 ἀπατηθείς.
1150 471 1198 539 ἱπὶ
1220 476 1338 548 τούτοις
1360 481 1421 538 τοῦ·
1436 473 1507 540 Πα-

277 599 422 683 ραδιὶαοο
444 605 583 684 φανερῶς
605 595 856 681 ἀπελεγχθὶντος
878 599 932 659 καί
953 596 1099 680 δημοσία,
1121 597 1232 665 ποὶντες
1254 599 1313 678 γὰρ
1340 595 1454 678 σχεδόν
1475 593 1510 670 οἱ,

278 716 311 781 ἱν
332 727 370 800 τη
395 717 532 798 βασιλίδι
551 718 648 799 ταῦτη
670 724 814 800 παρῆσαν
837 724 895 778 τῶν
917 713 1045 790 πόλεων,
1079 715 1187 792 διέγνω
1210 718 1264 777 καὶ
1287 711 1463 800 ἀπεφήνατο
1483 709 1514 798 ἡ

277 839 354 907 θτὶα
385 841 441 900 καὶ
473 835 541 921 ἱερὰ
563 847 621 900 τῶν
644 832 982 921 ἀμχιερὶωνκόμήγορις
1004 831 1071 918 ἅμα
1093 833 1134 918 τῷ
1164 837 1388 916 παναγιωτάτμ
1419 829 1514 918 ήμῶν

277 957 422 1041 διαπότη,
446 957 488 1040 τῷ
511 955 715 1040 οἱκοομενικηῑ
737 959 926 1040 πατριαρχη,
960 956 1073 1037 γομνόν
1096 953 1174 1017 εἶναι
1199 961 1306 1016 τοῦτον
1339 955 1394 1016 καὶ
1415 953 1509 1016 ἱστι-

277 1080 409 1160 ρημὶνον
430 1079 534 1162 πάσης
555 1065 709 1159 ἱερατικῆς
731 1073 820 1148 ἂξὶας
843 1096 878 1136 τι
896 1077 951 1136 καί
972 1081 1062 1156 τιμής
1083 1077 1137 1135 καὶ
1161 1071 1253 1156 ἀργόν
1277 1070 1322 1144 αἱς
1337 1073 1372 1134 τό
1393 1091 1510 1134 παντε-

276 1195 328 1266 λὶς
361 1198 415 1258 καὶ
433 1197 675 1281 καθῃρημένον,
710 1183 863 1278 μηδὶιτοτι
886 1203 944 1256 τῶν
967 1201 1021 1277 της
1043 1189 1208 1276 ἱερωσύνης
1234 1213 1263 1254 τι
1285 1201 1344 1254 τῶν
1366 1187 1511 1264 ἁπάντων
1587 1216 1594 1224 ·
1655 1175 1656 1196 ’

277 1313 440 1400 ἱνεργήσαι
461 1313 672 1398 τολμήσαντα,
704 1309 746 1385 δις
768 1313 811 1396 τῷ
831 1313 968 1396 διαβόλῳ
989 1313 1205 1394 προσελθόντα
1237 1315 1292 1375 παὶ
1309 1315 1310 1319 ’
1325 1317 1372 1396 πή
1387 1309 1513 1374 όκεὶνοο
1655 1325 1656 1332 ’

277 1435 372 1517 τόχνη
396 1435 594 1518 χρησάμενον
627 1436 683 1496 καί
706 1433 850 1517 μαθητήν
873 1429 993 1495 ἱκεὶνοο
1016 1434 1166 1507 γινὶσθαι
1197 1432 1248 1494 τόν
1269 1435 1338 1514 Ιπρὶν
1359 1438 1413 1493 τοῦ
1426 1429 1513 1512 Χρι-

277 1559 352 1614 στοῦ
384 1561 439 1614 τοῦ
473 1549 626 1635 ἀληθινοῦ
659 1553 737 1614 θεοῦ
759 1548 846 1636 ήμῦν
869 1553 1078 1637 ἱθελήσαντα.
1105 1556 1202 1647 ταῦτμ
1234 1557 1287 1612 τοῦ
1310 1549 1512 1633 Παραδεὶσοο

276 1670 384 1734 τοῦτον
407 1673 565 1753 μαθόντος
597 1674 652 1735 ιιοιὶ
684 1673 899 1755 πενθήσαντος
931 1669 980 1734 ἱτὶ
1011 1670 1089 1733 πολό
1121 1673 1185 1731 καὶ
1208 1669 1420 1750 δακρύσαντος
1451 1673 1511 1731 καὶ

277 1791 356 1872 μετὰ
378 1789 433 1851 δῦο
455 1785 574 1873 ήμὶρας
596 1797 651 1874 τῆς
675 1790 804 1852 σονόδοο
825 1789 916 1853 πάλιν
940 1791 1209 1873 σογκροτηθεῑσης
1226 1792 1281 1850 καὶ
1297 1783 1391 1851 αότοῦ
1404 1808 1509 1871 παρα·

278 1908 406 1978 στοὶντος
428 1911 483 1971 καὶ
506 1905 713 1993 ἱπιβοωμὶνοο
735 1910 790 1971 καὶ
812 1913 864 1971 τόν
888 1908 976 1971 ἔλεον
998 1907 1156 1990 διιστοχῶς
1173 1907 1455 1990 μετακαλοομὶνοο,
1479 1902 1512 1970 οἱ

278 2025 438 2109 ἱερώταται
471 2025 624 2111 ἀρχιερεῖς
647 2023 726 2090 αότα
748 2035 845 2110 ταῦτα
867 2031 905 2090 τὰ
926 2027 1144 2110 προλεχθὶντα
1165 2023 1235 2087 κατ’
1268 2023 1372 2088 αὐτοῦ·
1386 2023 1510 2112 ἀπερή-

276 2164 378 2222 ναντο,
421 2149 476 2210 καὶ
518 2154 623 2210 ταῦτα·
658 2144 855 2229 ἱπικόριοσαν
898 2149 952 2209 καὶ
997 2144 1236 2230 ἱπιψηρὶσαντο.
1281 2147 1421 2228 μοναχός
1462 2167 1513 2216 τις

280 2262 417 2350 ι’,ιπότής
434 2265 611 2347 ’σεβασμὶας
634 2273 728 2348 μονῆς
751 2273 806 2346 της
825 2267 1057 2347 πανοπιροὶγνοο
1079 2263 1242 2348 δεσποίνης
1273 2261 1360 2348 ήμῶν
1393 2267 1510 2328 θεοτό-

277 2397 336 2454 ιιοο
357 2391 414 2466 της
432 2380 649 2470 Ὅδηγητρὶας,
672 2381 688 2447 ό
710 2393 816 2455 παπᾱς
837 2381 980 2470 ’ἱωόσαμ
1004 2385 1222 2469 σονιρθεὶρετο
1245 2388 1323 2468 μετά
1343 2403 1426 2456 τινος
1448 2405 1508 2468 μο-

278 2510 379 2586 ναχῆς
402 2499 463 2565 ἀπό
485 2509 540 2586 τής
562 2503 742 2592 οεβααμὶας-
759 2500 856 2586 μονῆς
878 2509 930 2566 τοῦ
954 2499 1043 2580 σὶγὶοο
1078 2501 1201 2576 ἐνδόξου
1235 2503 1511 2588 μεγαλομιὶρτορος

278 2619 426 2704 Ἀνδρὶοο
448 2629 501 2684 τοῦ
524 2619 557 2683 ἱν
579 2629 617 2705 τη
639 2625 749 2703 κρίσει,
782 2625 837 2684 καὶ
868 2619 942 2684 ἱδόν
975 2618 1069 2705 αόιήν
1093 2621 1310 2702 συλλαβοῦσαν
1340 2625 1395 2686 καὶ
1426 2626 1512 2686 κατὰ

278 2741 414 2822 γαστρός
437 2739 583 2824 όχοοσαν,
608 2739 795 2822 βουλόμενος
816 2739 984 2802 λανθάνειν
1005 2745 1060 2824 καὶ
1081 2742 1232 2824 μηδαμῶς
1248 2737 1513 2828 ἁνακαλοφθήναι

279 2863 314 2921 τό
335 2861 450 2935 πάθος,
473 2855 575 2941 όὶσπερ
598 2856 635 2922 ἂν
658 2857 685 2921 εἱ
706 2863 761 2921 καὶ
784 2860 855 2929 τούς
877 2857 1062 2945 όφθαλμοός
1085 2857 1238 2922 ἐλάνθανε
1251 2868 1305 2922 τοῦ
1327 2863 1416 2937 θεοῦ,
1440 2857 1511 2943 εόρδ

277 2997 345 3040 τινα
368 2977 521 3062 μηχανήν,
555 2973 593 3039 δι’
627 2974 664 3060 ήν
698 2977 740 3061 μή
775 2977 858 3061 δῆλα
891 2981 929 3040 τὰ
961 2975 1030 3040 κατ’
1060 2975 1151 3042 αότόν
1183 2982 1344 3062 γεγονέναι
1369 2985 1425 3042 καὶ
1447 3000 1510 3042 κα·

280 3105 401 3182 ταρανη
424 3094 599 3174 ἐλογίσατο.
623 3097 656 3158 τό
680 3094 714 3157 δὲ
738 3095 917 3177 διαβολικός
950 3117 995 3167 τις
1016 3093 1054 3180 ήν
1077 3097 1226 3179 λογισμός
1248 3099 1303 3159 καὶ
1329 3102 1424 3182 τέχνη
1457 3103 1513 3162 καὶ

281 3214 371 3298 ἔργον
394 3213 514 3277 ἱκεὶνοο
547 3223 600 3276 τσῦ
626 3217 681 3278 καὶ
702 3215 756 3299 τήν
778 3219 898 3299 πρωτην
922 3213 1041 3298 ἐκείνην
1067 3211 1260 3298 παρανομίαν
1288 3214 1511 3300 ἐργασαμένου.

281 3331 364 3418 ήλθε
388 3337 448 3416 γὰρ
471 3329 561 3404 οὗτος
583 3331 625 3404 εἱς
648 3336 699 3396 τόν
723 3311 915 3416 Σορόποολον
938 3336 993 3394 καὶ
1015 3333 1087 3402 δοδς
1104 3330 1186 3416 αότηὶ
1204 3335 1331 3396 σάκτιον
1354 3336 1395 3411 δν,
1420 3331 1512 3398 ιὶελο-

282 3455 383 3534 βίαιον
405 3451 644 3533 Ἀλεξανδρῐνον,
666 3453 720 3513 καὶ
744 3447 897 3533 όπὶρπορα
919 3453 1017 3526 πὲντι,
1045 3449 1139 3530 ἱλαβὶ
1163 3473 1190 3512 τι
1211 3449 1281 3534 παρ’
1305 3447 1398 3516 αὐτοῦ
1422 3453 1514 3528 εἶδος,

281 3571 375 3634 δοιαὶ
396 3572 556 3658 διεκόμισε
579 3579 617 3653 τῇ
640 3579 775 3652 μοναχῇ,
800 3565 853 3631 ἱνα
875 3577 964 3631 τοῦτο
985 3579 1098 3633 πιοῦσα
1122 3575 1237 3657 φθτὶρη
1260 3576 1294 3636 τό
1318 3574 1461 3658 ἱμβροον·
1494 3595 1515 3659 η

284 3691 320 3754 δὶ
353 3700 444 3754 τοῦτο
476 3692 636 3774 ποιήσασα
670 3688 792 3772 ἔρριψεν
826 3686 924 3751 ἐκεῖνο
951 3693 1033 3752 κατὰ
1056 3693 1196 3772 γαστρός,
1220 3696 1274 3755 κοιὶ
1297 3692 1367 3756 οὔτε
1400 3697 1441 3756 τό
1463 3703 1517 3778 τῆς

286 3807 440 3893 ἁμαρτὶοις
473 3807 627 3888 ἱγνοὶσθη,
662 3785 731 3870 οότε
765 3808 824 3891 μήν
857 3817 947 3870 τοῦτο
981 3812 1014 3871 τό
1048 3812 1215 3893 τολμηθὲν.
1250 3812 1303 3874 διὰ
1336 3819 1427 3875 τοῦτο
1460 3819 1514 3877 καὶ

286 3933 378 4014 μέχρι
400 3937 454 3992 τοῦ
476 3937 528 3992 νῦν
551 3931 589 3990 τὰ
611 3935 666 4012 τῆς
692 3924 857 4011 ἱερωσύνης
890 3925 911 3991 ό.
932 3939 1037 3999 πατᾱς
1059 3928 1193 4015 ’ἱωοὶσαμ
1227 3929 1514 4016 ὰνακειιαλομμόνιρ

282 4051 435 4130 προσώπῳ
456 4048 621 4131 διινεργιῦν
643 4043 691 4130 ήν·
715 4043 756 4116 οἱς
779 4047 813 4108 δὲ
836 4051 891 4108 καὶ
914 4043 1050 4119 όπαπᾶς
1066 4045 1200 4134 ’ἱωοὶσαρ
1219 4054 1367 4135 παρέστη,
1390 4057 1445 4114 καὶ
1467 4055 1518 4116 τόν

286 4164 479 4251 Σορόποολον
502 4165 567 4250 εἶχε
589 4168 646 4249 πρό
670 4163 842 4250 δρθαλμιῦν
866 4163 1036 4249 ὲλὶγχσντα
1057 4173 1111 4230 καὶ
1135 4171 1172 4230 τὰ
1188 4167 1258 4250 παρ’
1275 4165 1369 4232 αότοῦ
1384 4171 1520 4234 δοθέντα

286 4283 393 4369 δκεὶνῳ
418 4287 604 4369 βουλόμενον
621 4283 757 4364 ἀγαγεῖν,
781 4282 947 4369 ἐπειδήπερΙ
967 4283 1134 4363 ἀντιλὶγειν
1158 4289 1358 4373 ἐπιχωρήσας
1374 4287 1432 4351 σόοι
1455 4287 1520 4374 εἶχε

285 4407 455 4489 δυνάμεως,
477 4407 578 4468 πεσολν
601 4401 646 4467 ἱπ’
670 4401 813 4490 δδάροος,
835 4399 983 4487 ήμαριον,
1007 4404 1174 4482 ἁγιώτατοι
1190 4407 1338 4468 δεσπόται
1353 4411 1408 4469 καὶ
1429 4409 1520 4472 θειό-
1655 4427 1656 4436 ³

201 4567 203 4572 -
288 4545 385 4601 τατοι,
409 4523 518 4609 ἔφησε,
540 4531 593 4585 νῦν
616 4522 720 4598 ἱγνων,
745 4519 822 4604 ὅσην
839 4519 993 4585 ἀπώλειαν
1008 4527 1186 4606 προεξὶνοον
1202 4536 1240 4602 τη
1255 4523 1316 4608 ἱμη
1340 4527 1525 4610 ταλαιπώρῳ·
