3282 5270
306 290 368 354 462

309 475 376 543 θείς
397 474 482 554 παρὰ
504 479 556 554 της
581 469 707 531 συνόδου
730 468 990 551 ἀπολογήσασθαι
1012 470 1086 549 πρὸς
1110 474 1213 532 ταύτα.
1237 471 1302 551 πιρί
1325 473 1381 550 μὶν
1397 475 1451 549 της
1466 485 1527 542 γυ-

309 593 424 665 ναικύς,
449 588 478 672 η’
501 591 693 670 συνεχώρησε
719 590 772 648 καὶ
797 583 969 669 εύλογηθη,
997 585 1090 660 εἶπεν,
1120 584 1175 660 ὅτι,
1199 585 1408 668 ἐρωτήσαντος
1432 582 1529 645 αύτού

307 712 450 793 πρότερον
473 708 525 790 την
545 707 685 788 τοιαύτην
703 715 840 781 γυναῖκα,
864 705 890 766 εἰ
912 703 1050 787 ἱκείρητο
1069 709 1151 768 κατὰ
1168 708 1318 788 μοναχύς,
1340 707 1396 766 καί
1419 702 1526 764 ἐνεδύ-

310 847 385 888 σατο
409 820 516 906 ῥάκος,
538 825 592 886 καί
613 823 725 906 ταύτης
748 821 971 906 ἀρνησαμένης,
996 819 1263 904 άρκεσθείςυύτυς
1279 821 1323 904 τερ
1344 823 1428 903 λύγερ
1451 821 1528 882 ταύ-

310 965 364 1027 της
385 947 551 1026 προύτρεψε
573 943 627 1004 καί
648 939 808 1024 εύλυγηθη
832 937 924 1024 αύτη·
946 939 1013 1022 περὶ
1038 940 1072 1002 δί
1101 949 1154 1002 τού
1179 941 1357 1025 καλυγηρου
1384 938 1478 1002 αὐτού
1494 985 1528 1000 ..

313 1107 398 1122 ....
423 1059 513 1134 εἶπεν,
537 1054 583 1121 ὅτι
610 1063 675 1128 ταῖς
705 1055 869 1141 ἀληθείαις
896 1057 991 1130 ἰύειξε
1019 1062 1057 1120 τὰ
1083 1055 1151 1121 κατ’
1175 1055 1267 1122 αἰτυύ
1288 1059 1363 1141 πρὸς
1384 1055 1530 1129 πολλούς,

313 1176 360 1240 ύτι
381 1178 524 1260 θηλονύτι
546 1175 730 1258 κατελήφθη
752 1173 821 1258 παρΙ
843 1171 935 1238 αύτυύ
959 1173 1004 1236 ἔπ’
1027 1171 1202 1260 αύτοφύριρ,
1217 1176 1265 1238 ύιύ
1280 1179 1335 1238 καί
1357 1175 1529 1256 ἰκράτησεν

313 1289 405 1356 αύτύν
427 1300 481 1354 τού
504 1293 545 1375 μη
569 1291 741 1374 ἱερουργεῖν,
771 1291 875 1353 ἔπειτα
906 1295 1116 1375 συνεχώρησεν
1150 1287 1231 1375 αύτῷ
1261 1295 1315 1354 καί
1336 1289 1532 1372 ἰλειτούργει,

309 1411 517 1498 προεβάλλετο
540 1409 574 1471 θί
597 1407 696 1470 αἰτίαν
717 1416 772 1492 της
791 1412 1024 1492 σογχωρησεως,
1048 1405 1094 1470 ύτι
1116 1404 1173 1471 ύπύ
1195 1411 1314 1493 φθύνοο
1336 1413 1392 1470 καί
1413 1406 1531 1478 κακίας
1635 1421 1636 1426 ’

311 1529 452 1610 κινηθείς
475 1524 538 1587 εἶπε
553 1521 621 1586 κατ’
638 1521 739 1600 αὐτού,
764 1521 823 1587 ύσα
838 1525 916 1588 εἶπε·
931 1530 1015 1608 παρὰ
1030 1527 1065 1588 δί
1080 1534 1133 1588 τού
1148 1530 1247 1608 τρίτου
1264 1527 1532 1609 συνωμολόγησεν,

313 1641 435 1726 ἀληθὲς
457 1646 512 1724 μὲν
535 1639 621 1716 εἶναι,
644 1638 690 1702 ύτι
714 1637 806 1712 αύτύς
829 1639 972 1724 ἀπίκιιρε
996 1643 1049 1725 τὴν
1073 1641 1211 1725 μοναχὴν
1234 1641 1264 1703 ἰν
1280 1641 1322 1724 tq}
1336 1647 1534 1724 μοναστηρίφ

313 1767 367 1822 τού
390 1758 522 1841 Πιγκὶρν
535 1806 543 1820 .
557 1807 565 1821 .
578 1805 596 1832 .,
621 1757 709 1835 ἱλεγε
733 1758 766 1820 θλ
790 1759 898 1834 αἰτίαν,
922 1757 963 1830 ὡς
984 1763 1041 1840 αρύ
1065 1779 1149 1820 τινων
1164 1757 1284 1842 ἡμερῶν
1300 1757 1402 1820 ἰλθείν
1417 1758 1459 1827 εἰς
1476 1759 1534 1840 τήν

312 1873 399 1960 ἡμῶν
422 1879 605 1960 μετριότητα
625 1880 679 1940 καί
702 1877 800 1959 τυχελν
823 1873 968 1947 εἰλαλίας
993 1874 1062 1959 παρ’
1092 1873 1185 1960 αύτης
1212 1886 1266 1958 τῆς
1293 1879 1454 1960 συνήθους,
1481 1875 1537 1937 ἰν-

314 1994 424 2056 τεύθεν
457 1990 604 2075 ἰνύμισεν,
633 1988 679 2054 ὅτι
706 1993 811 2076 μέλλει
837 2003 937 2075 τυχεῖν
967 1998 1021 2054 καί
1048 1996 1168 2062 τελείας
1202 1996 1425 2077 συγχωρησεως
1456 1990 1536 2073 παρ’

313 2108 403 2193 ἰμού,
437 2113 491 2172 καί
523 2113 605 2173 κατὰ
627 2119 715 2172 τούτο
750 2109 874 2194 ἰποὶησε
909 2111 961 2192 την
987 2113 1128 2194 τοιαύτην
1153 2111 1268 2195 πρᾶξιν.
1307 2113 1418 2174 τυύτειν
1451 2106 1537 2173 ούτεε

313 2225 385 2309 παρ’
409 2223 502 2291 αύτυύ
529 2227 727 2311 λαληθλντεον
755 2225 1005 2311 ἰγνειμούύτησεν
1030 2227 1163 2300 ἱκαστος
1188 2240 1246 2292 τῶν
1273 2232 1438 2312 ἀρχιερὶεεν
1462 2234 1540 2311 περί

314 2350 369 2429 μίν
392 2355 446 2408 τού
467 2350 586 2429 πρύτου
608 2345 813 2428 ἰγκληματος,
837 2342 883 2408 ὅτι
905 2367 938 2408 τε
960 2342 1017 2408 ούκ
1040 2347 1103 2410 ἔδει
1129 2356 1235 2410 τοῦτον
1261 2348 1412 2419 ύίξασθιιι
1433 2347 1534 2422 λόγον

312 2465 457 2540 γοναικύς
490 2465 608 2548 φαύλης
633 2467 687 2523 καί
713 2460 852 2525 ἰνδούνοιι
879 2466 1026 2540 γενεσθαι
1053 2462 1239 2547 ἱερολογίαν,
1262 2467 1315 2526 καί
1338 2459 1385 2524 ύτι
1407 2455 1464 2523 ούκ
1492 2459 1535 2545 ἦν

313 2577 407 2644 αἰτού
441 2583 474 2642 τύ
497 2589 593 2644 ταῦτα
616 2593 793 2664 συγχωρεῖν·
815 2586 882 2663 περί
904 2583 938 2644 δὲ
961 2589 1014 2643 τού
1036 2583 1188 2663 θεοτίροο,
1211 2579 1258 2643 ύτι
1279 2581 1307 2642 εἰ
1320 2585 1376 2663 μὲν
1400 2577 1533 2663 άληθῶς

313 2693 398 2779 εύρεν
421 2694 466 2759 ἐπ’
490 2694 654 2782 αύτυφύριμ
677 2699 727 2759 τύν
749 2697 930 2780 καλύγηρων
953 2693 1061 2773 αὐτοῦ,
1077 2674 1134 2760 διὰ
1150 2703 1177 2759 τί
1201 2701 1411 2779 συνεχώρησεν
1434 2691 1534 2778 αύτιρ,

312 2816 459 2895 πράξαντι
483 2820 537 2896 μίν
560 2816 614 2897 τήν
637 2811 801 2896 ἁμαρτίαν,
837 2811 919 2895 αύτῷ
940 2815 973 2874 δί
1002 2810 1049 2876 ὑπ’
1078 2809 1196 2894 εύθύνιρ
1222 2817 1408 2876 καταστάντι
1430 2812 1533 2874 κολά-

312 2953 389 3002 σεως
412 2927 456 2994 λα’
480 2929 630 3012 ἀλλοτρίῳ
654 2929 840 3014 ἰγκληματι;
863 2930 890 2993 εἰ
911 2931 945 2992 δί
967 2931 1109 3010 ύιίβαλλε
1129 2937 1244 3004 τοῦτον,
1266 2933 1320 2992 καί
1335 2937 1424 2992 τούτο
1439 2929 1534 2991 πάλιν

313 3049 403 3132 ἔργον
435 3049 595 3121 κολάσεως
622 3049 754 3111 αἰωνίου·
787 3052 855 3131 περὶ
887 3023 921 3111 ύί
955 3057 1008 3112 τού
1031 3053 1130 3131 τρίτου
1163 3047 1371 3131 ἰγιιληματυς·
1399 3045 1446 3110 ὅτι
1471 3057 1532 3110 τε·εν

315 3168 401 3251 ἱερῶν
424 3171 559 3231 κανύνων
582 3170 797 3242 θεσπιίύντων,
822 3169 862 3250 μη
880 3165 987 3240 ἰξείναι
1009 3165 1088 3254 ἱλως
1102 3166 1143 3249 τῷ
1158 3165 1353 3250 ἰπισχεθὶντι
1367 3175 1421 3248 τῆς
1438 3161 1534 3228 αύτού

311 3285 477 3368 ἱερωσύνης
498 3289 581 3367 παρὰ
605 3283 771 3368 ἀρχιερέως
792 3287 932 3366 πράττειν
955 3283 1109 3347 ούύετιυύν
1125 3283 1214 3366 ἔργον
1229 3281 1448 3364 ἱεροπραξτίας,
1465 3282 1535 3344 ἱπεί

312 3397 400 3472 υύτυς
424 3399 565 3484 οἰπὶκειρε
588 3403 640 3484 την
663 3401 823 3485 εἰρημίνην
846 3403 995 3486 μοναχὴν,
1021 3411 1128 3472 κακῶς
1149 3399 1312 3463 κάνταῦθα
1335 3399 1472 3483 ἰποίησε,
1490 3401 1532 3461 τύ

312 3523 370 3602 γὰρ
393 3519 431 3602 δὴ
452 3521 528 3601 πρύς
552 3519 720 3595 ἀπολογίαν
742 3518 812 3599 παρ’
832 3515 925 3580 αὐτοῦ
945 3517 1113 3602 εἰρημένον,
1137 3516 1184 3580 ύτι
1198 3519 1246 3580 θιύ
1262 3516 1370 3599 ἰτυχεν
1386 3513 1532 3590 εύλογίας

309 3640 392 3718 παρὰ
414 3646 467 3719 της
490 3633 574 3720 ἡμῶν
597 3641 791 3718 μετριότητος
818 3637 929 3719 ταύτης
955 3637 993 3718 δὴ
1022 3645 1074 3718 τῆς
1098 3639 1265 3718 συνήθους,
1289 3633 1428 3716 ἰνύμισεν
1452 3631 1533 3716 εἶναι

311 3757 366 3815 καί
398 3764 450 3838 της
478 3753 665 3837 ἐπισχέσεως
693 3755 881 3836 τελούμενος,
911 3751 978 3816 ἀλλ’
1006 3751 1065 3836 ούχ
1091 3753 1132 3824 ὡς
1160 3755 1383 3836 συγχωρηθείς,
1407 3749 1453 3836 ἐφ’
1484 3749 1531 3821 οἱς

312 3867 435 3952 ητιάθη
457 3875 511 3930 καί
534 3869 702 3954 ἐπεσχὶθη,
726 3871 817 3952 ἔτυχε
841 3879 893 3952 της
917 3868 1068 3946 εύλογίας,
1093 3869 1160 3933 ἀλλ’
1183 3868 1224 3942 ύις
1245 3871 1432 3951 τυγχάνουσι
1454 3871 1531 3930 ταύ-

312 4007 366 4070 της
387 3989 496 4058 πάντες
520 3987 547 4048 οἱ
570 3992 748 4070 χριστιανοί,
772 3985 931 4070 εύλογηθη
954 3992 1007 4050 καὶ
1031 3985 1130 4059 αύτύς.
1158 3989 1211 4050 διὰ
1233 3995 1305 4063 γοῦν
1321 3993 1417 4048 ταύτα
1439 3997 1530 4068 κοινῇ

312 4108 418 4188 γνύμη
450 4108 552 4186 πάσης
578 4113 632 4188 τῆς
659 4105 742 4188 ἱερᾶς
767 4104 822 4168 καὶ
849 4109 939 4176 θείας
967 4107 1104 4180 συνύύου,
1139 4103 1365 4190 ἰπιψηφισοὶσης
1387 4108 1442 4165 καί
1475 4113 1530 4184 τῆς

313 4217 399 4306 ἡμῶν
427 4224 631 4304 μετριύτητος,
660 4225 828 4306 καθηρὶθη
856 4219 943 4293 υύτυς
970 4223 1007 4306 δὴ
1035 4221 1051 4285 ὁ
1079 4225 1215 4305 μοναχύς
1242 4221 1392 4304 Θεόφιλος
1420 4229 1473 4302 της
1496 4241 1528 4279 τε

313 4337 476 4422 ἱερωσύνης
498 4334 590 4400 αὐτού
613 4343 667 4401 καί
689 4349 742 4402 τού
765 4351 822 4402 τεῖιν
844 4351 1055 4422 πνευματικῶν
1081 4341 1349 4423 λειτουργήματυς,
1375 4340 1430 4399 καὶ
1457 4313 1548 4397 ἰνε-Ι

313 4460 417 4541 γράφη
439 4455 480 4539 τῷ
501 4457 635 4538 κωδικίιρ
658 4459 695 4518 τύι
718 4467 771 4539 τῆς
794 4459 937 4540 τοιαύτης
951 4461 1174 4540 καθαιρέσεως,
1203 4455 1243 4527 ύις
1271 4455 1423 4538 μηδέποτε
1449 4451 1528 4516 ἂνα-
