3258 5278
1256 334 1316 399 W!

98 523 215 604 γωνίας,
237 521 361 597 Δουκᾱ,
383 527 437 584 τού
459 504 579 601 Λὶτβων
593 523 655 582 καί
678 516 849 602 ύπερτίμοο,
872 519 1032 604 Θεορίλου,
1055 528 1109 582 τοῦ
1131 518 1316 602 Ἀρκαδιου-

96 639 229 713 πόλεως,
251 634 415 722 ύπερτίμοο
441 642 495 700 καί
521 637 672 720 προέδρου
693 635 852 722 Μεσηνης,
879 637 1060 721 Μαλαχίοο,
1089 647 1148 699 τῶν
1173 636 1316 720 ἀρχιεπι-

97 761 229 833 σκόπεεν,
256 767 311 820 τού
332 742 492 822 Λοπαδίου
519 762 574 819 καί
598 758 745 841 προέδροο
767 755 939 840 Γαρέλλης,
964 755 1134 840 Ἱεροθέοο,
1160 765 1213 818 τοῦ
1235 754 1317 818 Ξαν·

97 879 200 952 θείαςι
213 875 397 960 Γερασίμοο,
413 885 466 940 τού
482 877 609 960 Λύρκου,
623 875 742 952 Λοοκό,
758 881 812 938 καί
827 883 881 938 τοίι
889 873 1038 959 Μηδείας,
1053 870 1222 960 Εύθομίοο,
1236 895 1319 956 παρ·

96 999 266 1080 ισταμόνων
287 999 344 1058 καί
364 997 613 1080 θεοφιλεστάτου
634 997 821 1057 δεσποτικῶν
844 960 1000 1077 ἀρχόντων
1021 997 1051 1072 †.

178 1114 393 1194 ῒΒασιλικύν
416 1115 476 1198 όρει
498 1120 552 1178 καί
573 1122 662 1178 τούτο
688 1117 851 1197 προνόμιον
873 1113 907 1177 τύ
930 1117 985 1183 τὰς
1011 1111 1054 1184 είς
1077 1111 1245 1183 ἐπισκοπόις
1266 1133 1318 1174 τε·

97 1235 213 1306 λούσας
235 1246 295 1298 τῶν
317 1234 491 1320 ἐκκλησιῶν
512 1245 571 1298 τόν
597 1231 644 1322 ὑφ’
671 1235 708 1307 ός
730 1238 764 1298 τό
791 1237 938 1317 πρότερον
960 1231 1127 1316 ἐτύγχανον
1154 1229 1319 1315 ὑποκείμε-

96 1374 146 1416 ναι
167 1351 313 1418 ἀποσπᾶν
334 1359 389 1418 καί
411 1364 500 1440 τιμῆς
523 1353 625 1428 ἀξιοῦν
648 1359 799 1438 μείζονος·
829 1351 939 1437 ᾰμέλει
964 1355 1019 1414 καί
1045 1355 1099 1436 την
1124 1363 1182 1415 τῶν
1205 1349 1321 1436 Ζιχνρν
1344 1377 1346 1383 ’

97 1470 269 1558 ἐκκλησίαν
291 1469 336 1545 εὶς
358 1471 526 1558 ἐπισκοπην
548 1475 695 1537 τελοῦσαν
717 1474 751 1536 τό
781 1469 831 1536 ἀπ’
860 1469 960 1555 ἀρχῆς
981 1479 1035 1554 της
1063 1467 1235 1554 ἁγιωτάτης
1257 1491 1320 1554 μη-

95 1591 272 1674 τροπόλεως
295 1603 354 1654 τῶν
378 1591 495 1676 Σερρῶν
518 1589 562 1664 είς
583 1588 768 1676 μητρόπολιν
789 1589 852 1675 ἤδη
873 1596 1061 1676 προενηνοχε
1083 1594 1138 1652 καί
1159 1594 1322 1672 τετίμηκεν

95 1707 113 1772 ό
145 1707 183 1773 ἐκ
214 1713 294 1774 θεού
324 1713 489 1793 κράτιστος
522 1715 576 1774 καί
604 1709 692 1789 ἅγιός
719 1731 778 1793 μου
804 1705 1015 1794 αὐτοκράτωρ·
1041 1712 1187 1793 πρόνοιαν
1218 1712 1322 1790 μύντοι

94 1831 278 1911 ποιούμενος
300 1833 356 1892 καί
378 1837 433 1912 τῆς
454 1839 513 1891 τῶν
534 1827 662 1911 Σερριῖιν,
685 1825 766 1899 ὅπως
789 1825 825 1891 ἂν
842 1833 936 1914 σχοίη
958 1833 1013 1892 καί
1036 1825 1113 1912 αύτη
1129 1831 1238 1911 τρόπον
1251 1823 1321 1888 ἐτε-

95 1969 150 2031 ρον
183 1945 412 2032 ιὶναπληρωθὲν
443 1951 477 2010 τό
506 1947 619 2024 ἐνδέον,
650 1945 721 2012 ἀνθ’
752 1946 858 2032 ἐτέραν
888 1947 1055 2033 ἐπισκοπὴν
1085 1946 1320 2030 ἀντικαθίστησι

95 2066 194 2150 ταόιη
217 2065 255 2128 ἐκ
278 2077 337 2130 τῶν
358 2075 413 2151 της
435 2065 591 2132 Φιλίππου
613 2067 713 2151 σεπτιγῐ
732 2071 944 2152 προστάγματι
966 2076 1021 2152 τῆς
1043 2065 1134 2144 ἁγίας
1159 2067 1318 2147 βασιλείας

95 2179 192 2248 εύτσδ
213 2189 389 2268 περιόχοντι
411 2187 499 2248 τάδε’
523 2184 611 2262 ,ἐπεί
635 2183 823 2272 ἀπεσπάσθη
845 2185 1026 2274 ἡπρύτερον
1042 2183 1098 2250 ύπύ
1114 2187 1167 2270 την
1182 2182 1318 2260 ἁγιωτά-

94 2323 152 2388 την
174 2305 362 2388 μητρόπολιν
385 2314 443 2366 τῶν
466 2304 585 2389 Σερρῶν
606 2307 739 2368 τελοόσα
767 2304 922 2392 ἁγιωτότη
945 2285 1095 2390 ἐπισκοπὴ
1124 2315 1182 2366 τιῑιν
1204 2301 1331 2387 Ζιχνῶν

94 2425 153 2485 καί
173 2421 309 2506 ἐτιμήθη
338 2422 381 2495 εἰς
409 2423 594 2507 μητρόπολιν
615 2429 698 2506 παρὰ
720 2435 774 2510 της
797 2425 957 2506 βασιλείας
980 2447 1047 2508 μου,
1071 2422 1180 2506 ἐδέησε
1206 2423 1241 2485 δέ
1266 2426 1322 2484 καί

94 2541 229 2625 διέκρινε
252 2551 343 2604 τοῦτο
365 2548 421 2606 καί
442 2541 462 2629 ἡ
487 2545 629 2625 βασιλεία
652 2567 735 2628 μου,
750 2541 801 2608 ἵνα
824 2543 1031 2628 ἀντικαταστη
1058 2543 1148 2627 ἑτὲρα
1170 2541 1321 2626 ἐπισκοπη

93 2659 140 2731 ’ἐς
166 2660 227 2744 *ἐν-
249 2663 394 2746 ῗθῑαὸῒηί
420 2673 479 2725 τῶν
506 2661 624 2746 Σερρῶν
652 2663 847 2748 μητρόπολιν,
873 2665 1015 2734 θεσπίζει
1036 2665 1090 2725 καί
1111 2663 1276 2744 διορίζεται
1300 2659 1321 2746 ἡ
1421 2681 1425 2686 ·

97 2779 244 2861 βασιλεία
267 2803 327 2864 μου
349 2780 403 2844 διὰ
424 2789 479 2844 τού
500 2786 648 2866 παρόντος
670 2785 919 2865 προστάγματος,
942 2780 1019 2844 εἶναι
1042 2777 1102 2844 ἀπό
1125 2789 1178 2842 τού
1201 2789 1252 2843 νύν
1267 2786 1332 2850 καί.

95 2898 141 2971 εἰς
162 2897 198 2962 τύ
221 2897 294 2988 ἑξῆς·
312 2897 515 2986 ύποκειμένην
537 2911 575 2986 τῇ
596 2901 723 2984 τοιαύτη
746 2898 903 2984 ἁγιωτύτη
927 2901 1113 2984 μητροπόλει
1128 2899 1245 2982 Σερρύν
1267 2901 1322 2984 την

10 3001 11 3052 3
94 3017 271 3105 ἁγιωτάτην
288 3021 455 3106 ἐπισκοπὴν
469 3020 677 3098 Νικοπόλεως,
699 3017 765 3106 ἥτις
788 3019 884 3083 ἐτέλει
905 3021 1050 3103 πρότερον
1073 3017 1129 3082 ύπύ
1150 3022 1203 3104 την
1226 3017 1321 3096 ύγιεε-

10 3223 12 3228 Α
94 3141 192 3221 τάτην
213 3139 400 3222 μητρόπδλιν
428 3139 597 3216 Φιλίππων,
620 3145 675 3203 καί
696 3141 891 3222 κατέχεσθαι
913 3143 967 3200 καί
988 3139 1189 3215 διεζύγεσθαι
1211 3140 1323 3222 ταύτην

96 3261 182 3339 παρὰ
209 3261 262 3317 τού
294 3255 458 3340 ἱερωτάτοο
490 3261 714 3344 μητροπολίτοο
743 3257 860 3340 Σερρῶν
890 3265 946 3319 καί
978 3252 1140 3339 ύπερτίμοο
1171 3253 1212 3325 ὣς
1242 3254 1323 3318 ἰδίαν

98 3375 282 3459 ἐπισκοπὴν,
310 3371 346 3438 ού
374 3381 466 3461 μόνον
489 3379 524 3441 δέ
545 3383 629 3462 παρὰ
651 3380 773 3452 τούτου,
803 3376 885 3438 ἀλλὰ
911 3381 966 3438 καί
992 3379 1076 3458 παρὰ
1103 3385 1160 3436 τῶν
1187 3375 1324 3457 καθεξῆς

97 3499 398 3578 ι’τρχιερατευσόντων
421 3493 465 3568 εὶς
480 3499 533 3581 την
549 3499 690 3580 τοιαύτην
714 3493 888 3581 ἁγιωτάτην
910 3494 1091 3579 ἐκκλησίαν,
1114 3491 1189 3556 ὅθεν
1208 3490 1325 3577 ὀρείλει

96 3621 150 3676 καί
166 3611 184 3677 ὁ
200 3619 406 3698 γενησόμενος
427 3618 651 3700 μητροπολίτης
662 3613 823 3680 Φιλίππων
840 3617 959 3698 στόρζαι
974 3623 1072 3688 τούτο,
1096 3609 1169 3675 ύσον
1184 3613 1326 3683 θεσπίζει

97 3738 150 3795 καί
174 3731 343 3816 διορίζεται
363 3729 384 3819 ἡ
408 3735 551 3815 βασιλεία
573 3756 641 3816 μου,
664 3739 719 3796 καί
747 3731 913 3818 ἀρκεῖσθαι
941 3733 984 3804 εὶς
1006 3737 1061 3802 τόις
1086 3733 1262 3813 προσούσας
1288 3739 1326 3814 τη
1392 3805 1395 3811 ¹

98 3853 226 3935 τοιαύτη
255 3853 441 3935 μητροπόλει
467 3850 572 3935 ἐτέρας
600 3841 784 3927 ὲπίσκοπόις,
818 3851 1023 3936 ἀνενύχλητον
1049 3853 1241 3912 παντάπασιν
1271 3847 1328 3911 ἐῶν

98 3973 130 4031 τό
153 3973 247 4052 μόρος
276 3977 330 4052 της
361 3969 522 4055 είρημίνης
545 3969 718 4056 ἁγιωτάτης
746 3983 804 4035 τῶν
832 3971 949 4054 Σερριῖιν
972 3941 1187 4053 μητροπόλεως
1214 3965 1262 4030 ἐπὶ
1291 3977 1328 4050 τη

98 4060 221 4169 κατοχῇ
248 4090 303 4148 καί
330 4087 503 4174 διεξαγωγη
531 4097 585 4171 τῆς
606 4089 805 4174 δηλωθείσης
833 4087 1005 4171 ἁγιωτάτης
1034 4087 1203 4169 ἐπισκοπῆς
1228 4083 1327 4148 Νικο-

99 4201 214 4274 κύλεας
237 4210 293 4267 καί
313 4209 417 4290 πόσης
439 4217 492 4290 της
515 4204 671 4284 ἀνέκαθεν
693 4213 868 4294 προσούσης
880 4205 962 4294 ,αύτη
979 4208 1111 4290 ἐνορίας·
1135 4206 1178 4276 εἰς
1194 4208 1247 4287 τὴν
1262 4205 1329 4286 περί
1348 4285 1350 4288 ¹

100 4319 208 4381 τούτου
230 4322 291 4400 γὰρ
315 4321 487 4406 ἐσρύλειαν
511 4326 631 4404 ἐγίνετο
654 4333 708 4391 καί
732 4327 874 4412 ἀπελύθη
896 4331 950 4390 καί
976 4329 1010 4389 τύ
1032 4329 1128 4408 παρόν
1156 4334 1209 4409 τῆς
1238 4325 1328 4402 βασι-

102 4435 188 4507 λείας
211 4458 271 4519 μου
293 4443 488 4525 πρόσταγμα.
512 4445 577 4531 εἶχε
600 4450 651 4510 τό*
674 4451 748 4532 μηνί
771 4450 960 4534 φεβροοαρίῳ
982 4444 1038 4508 ίνδ.
1063 4445 1108 4526 ιβ’.
1132 4443 1172 4504 δι’
1194 4441 1330 4523 ἐροθρῶν

101 4559 287 4636 Τίαθίῑάίων
309 4567 364 4640 τῆς
383 4561 545 4646 βασιλικῆς
568 4567 660 4636 θείας
683 4569 818 4649 χειρός.··
843 4562 1028 4633 ἀκολούθως
1051 4567 1148 4623 τοίνυν
1171 4562 1212 4640 τῷ
1233 4576 1333 4638 σεπτεμ

1073 4671 1102 4718 ιο
1121 4661 1136 4695 ⁸
