3314 5266
374 609 523 675 GOGXV.
547 609 786 688 (6879-1371)
801 611 852 673 31.
868 607 950 672 maii.
965 608 1029 673 ind.
1045 609 1101 674 IX.

241 769 351 822 υειαο
376 770 517 838 πλούσιε
539 771 573 823 ιι
596 771 769 824 maman
786 755 887 841 fmus
909 769 1034 822 ωιυωω
1055 767 1237 838 κοπρανα.

217 952 237 1026 †
260 947 383 1012 Φθάνει
403 953 462 1030 τρύ
484 968 563 1021 τινος
584 948 646 1034 ἤδη
668 956 775 1032 καιρού
797 947 815 1012 ύ
840 947 1000 1030 ίερῶεατος
1034 949 1256 1034 μητροπολίτης
1276 948 1349 1035 Μη-

131 1067 255 1149 θύμνης
268 1072 324 1130 καί
344 1063 516 1151 ύειίρτιμος,
533 1070 565 1130 ἐν
587 1066 666 1150 ἁγίῳ
686 1071 833 1152 πνεύματι
855 1066 1012 1151 ἀγαπητὸς
1034 1065 1167 1152 ἀδελφὰς
1188 1077 1242 1152 τῆς
1262 1065 1349 1154 ἡμῶν

130 1189 329 1268 μετριύτητος
350 1191 405 1249 καί
426 1187 671 1269 συλλειτουργύς,
703 1191 787 1270 παρὰ
809 1196 862 1271 της
883 1181 969 1271 ἡμῶν
990 1189 1187 1270 μετριύτητος
1218 1192 1273 1251 καί
1294 1198 1348 1273 τῆς

128 1307 198 1385 περί
231 1299 324 1388 αύτην
346 1303 430 1386 ἱεράς
450 1307 505 1367 καί
526 1305 663 1388 μεγάλης
689 1306 816 1368 συνόδου
849 1306 1078 1388 χειροτονηθείς
1104 1303 1262 1388 ἀρχιερεύς
1294 1315 1349 1392 τῆς

128 1417 301 1504 ἐκκλησίας
322 1423 443 1506 ταύτης·
467 1419 532 1484 λπεί
551 1422 587 1484 δύ
601 1423 713 1506 ταύτην
728 1422 912 1503 καταλαβὼν
935 1417 1018 1504 εύρεν
1041 1421 1155 1506 ίρημον
1169 1424 1280 1507 ταύτην
1295 1444 1351 1504 και

129 1543 336 1623 στερουμίνην
368 1549 426 1600 τῶν
458 1539 541 1602 ίδίων
562 1542 725 1623 κτημάτων
747 1545 962 1624 κατεχομένων
988 1543 1071 1622 παρὰ
1103 1549 1161 1602 τῶν
1193 1539 1349 1624 κληρικῶν

128 1655 294 1741 ἆμετύχας
315 1661 370 1720 καί
390 1662 474 1740 παρὰ
494 1659 593 1720 πάντα
614 1657 736 1721 δικαίου
757 1659 849 1734 λύγον
874 1661 1026 1742 πρόφασιν
1058 1652 1256 1740 εὑρισκόντων
1277 1659 1349 1730 τούς

127 1777 293 1856 προτίρους
314 1773 469 1858 ἀρχιερεῖς
491 1783 544 1858 τῆς
566 1772 735 1859 λκκλησίας
755 1777 877 1858 ταύτης,
900 1773 1008 1845 οἵτινες
1030 1773 1251 1859 ἀπεχαρίζοντο
1272 1779 1349 1860 πρὸς

127 1891 201 1964 τούς
220 1896 388 1974 προγόνους
409 1895 463 1955 καί
485 1892 554 1962 τούς
576 1903 674 1970 ηονεῐς
696 1887 793 1955 αύτῶν
819 1901 924 1968 ταῦτα,
957 1894 1012 1954 καί
1040 1893 1093 1954 διύι
1114 1894 1149 1954 τύ
1182 1894 1349 1958 λανθάνειν

129 2011 184 2093 την
206 2010 324 2092 δωρεὰν
346 2011 475 2092 ταύτην
497 2012 606 2102 χάριν,
620 2013 674 2072 καί
696 2013 787 2073 σκιάν
809 2029 876 2072 τινα
897 2012 1002 2079 τύλους
1023 2009 1120 2092 δῆθεν
1154 2005 1226 2094 ύπίρ
1248 2003 1348 2075 αὐτῶν

129 2126 262 2202 δποίουν,
284 2132 339 2190 καί
359 2129 549 2210 βουλομίνων
575 2131 657 2190 κατὰ
681 2129 832 2211 διαδοχὴν
854 2132 998 2210 κατίχειν
1020 2132 1116 2188 ταῦτα
1147 2123 1190 2198 ῶς
1221 2126 1346 2206 ἐκεῖνοι,

127 2242 203 2327 μεθ’
225 2241 266 2308 ὧν
288 2243 326 2328 ἦν
347 2248 401 2307 καί
422 2243 439 2308 ύ
461 2253 514 2308 τού
535 2249 777 2327 πρωτονοταρίου
800 2254 853 2327 της
875 2244 1043 2327 ίκκλησίας
1065 2245 1176 2328 ταύτης
1197 2245 1306 2330 πατὴρ,
1330 2243 1348 2310 ὁ

128 2362 302 2445 Οἰκονύμος
323 2361 447 2437 ίκεῖνος,
470 2360 655 2446 ἀφαρπάσας
681 2365 720 2424 τὰ
741 2363 833 2424 πλείω
856 2371 914 2424 τῶν
939 2363 1101 2445 κτημάτων
1123 2359 1179 2424 καὶ
1209 2367 1345 2446 κρείττω,

126 2477 247 2552 ούτινος
268 2483 302 2542 τύ
324 2481 424 2563 χρεῶν
445 2481 717 2563 λειτουργήσαντος
739 2475 827 2550 ούτος
849 2477 945 2550 δυίύς
960 2477 1079 2541 ἐκείνου
1093 2482 1211 2542 πάντων
1228 2481 1346 2564 ίγκρα-

125 2599 183 2682 της
205 2599 339 2675 ηεγονιύς
360 2596 522 2681 ὰμετύχως
545 2596 706 2680 ἀποστερεῖ
720 2607 778 2660 τῶν
791 2597 876 2659 ὶδίων
898 2600 1061 2678 κτημάτων
1077 2594 1181 2681 αύτην.
1197 2597 1253 2662 καὶ
1265 2600 1346 2662 πυλ-

125 2717 201 2788 λούς
223 2717 402 2786 σπουδάσας
424 2713 441 2779 δ
463 2713 624 2798 ίερύτατος
646 2714 870 2799 μητροπολίτης
890 2712 1064 2799 Μηθύμνης
1086 2715 1131 2786 είς
1153 2723 1252 2792 τούτο,
1268 2713 1347 2780 ὥστε

128 2833 395 2899 ἰπανασιύσασθαι
427 2843 465 2918 τῇ
488 2831 641 2916 ὶκκλησία
661 2835 700 2895 τὰ
720 2835 863 2916 κτήματα
894 2835 948 2894 καί
969 2833 1011 2916 μή
1034 2833 1189 2904 παντελῶς
1209 2833 1347 2916 περιλει-

125 2955 247 3036 ιρθηναι
280 2950 482 3036 λσττρημίνην
503 2953 558 3013 καί
581 2948 684 3025 ίνδεα,
717 2951 787 3020 τούς
809 2954 864 3032 μίν
886 2958 944 3011 τῶν
966 2951 1122 3033 κληρωτῶν
1155 2947 1223 3034 εύρε
1245 2970 1347 3014 κατα-

125 3072 246 3138 πειθεῖς
267 3067 480 3138 ἀπολύσαντας
502 3078 541 3150 τη
564 3063 657 3129 αύτού
671 3071 862 3158 παραινίσει,
885 3065 963 3148 ἅπερ
977 3077 1132 3150 κατεῖχον,
1147 3078 1205 3130 τῶν
1220 3069 1255 3130 δί
1277 3069 1345 3132 λοι·

127 3195 193 3248 πῶν
208 3187 249 3269 μὴ
265 3186 473 3267 βουλομένων,
497 3183 579 3247 ἀλλὰ
599 3185 762 3265 δυναστεία
784 3189 948 3267 χρωμένων
971 3187 1026 3246 καί
1048 3187 1182 3266 μάλιστα
1196 3194 1250 3248 τού
1263 3208 1347 3270 πρω-

127 3307 316 3385 τυνυταρίυυ,
339 3301 457 3385 ἐδεήθη
479 3299 496 3365 δ
519 3302 742 3386 μητροπολίτης
763 3310 817 3384 τῆς
839 3297 924 3384 ἡμῶν
952 3304 1147 3384 μετριύτητος
1169 3315 1270 3386 τυχεῖν
1292 3325 1349 3367 συ-

127 3421 254 3504 νοδικῆς
287 3416 380 3504 αὐτῆς
402 3419 594 3495 διαγνώσεως
615 3421 670 3480 καί
692 3419 858 3500 βοηθείας·
892 3413 969 3499 αὕτη
1003 3419 1289 3504 σονδιασκεβαμίνη
1311 3431 1349 3505 τῇ

127 3541 197 3622 περί
212 3534 306 3620 αύτην
321 3533 470 3620 δμηηύρει
485 3545 542 3597 τῶν
558 3534 727 3616 ἱερωτάτων
744 3531 912 3616 ἀρχιερέων
927 3539 982 3597 καί
1004 3531 1183 3618 ύπερτίμων,
1196 3540 1230 3600 τὸ
1251 3540 1348 3620 παρὸν

130 3654 257 3719 ἀπολύει
278 3655 438 3718 σονοδικύν
461 3653 651 3729 σιτιλλιῶδες
673 3655 811 3734 γράμμα,
834 3650 873 3714 δι’
889 3647 924 3714 ού
939 3658 994 3714 καί
1009 3655 1253 3733 παρακελεύεται
1267 3659 1350 3718 κατὰ
1428 3685 1432 3694 ·

54 3831 57 3836 .
128 3773 183 3856 την
215 3783 274 3835 τῶν
306 3770 393 3854 ἱερῶν
414 3774 549 3834 κανύνων
572 3771 735 3852 διαταγην,
768 3767 1009 3854 λπανασωθηναι
1031 3771 1085 3852 την
1108 3769 1278 3856 λκκλησίαν
1311 3777 1350 3837 τὰ

128 3893 273 3973 κτήματα
295 3885 402 3972 αύτης,
427 3885 543 3967 ὅσαπερ
567 3885 709 3970 ἔφθασαν
743 3885 772 3947 οἱ
792 3891 936 3969 πρότερον
959 3886 1113 3970 ἀρχιερεῖς
1135 3887 1242 3950 δοῦναι
1274 3893 1349 3973 πρύς

129 4027 214 4078 τινας
246 4017 304 4070 τῶν
325 4007 496 4089 κληρικῶν·
529 4003 556 4064 εὶ
578 4007 636 4084 γὰρ
657 4007 712 4064 καί
733 4007 900 4086 γράμματα
926 3991 1049 4067 ἐκείνων
1070 4009 1274 4086 προτείνουσιν
1306 4006 1350 4078 είς

128 4121 299 4199 δικαίωσιν,
322 4121 391 4185 ἀλλ’
414 4116 513 4192 ούδείς
536 4131 593 4182 τῶν
616 4117 783 4202 ἀρχιερέων
807 4120 875 4202 ἔχει
897 4120 1002 4183 ἄδειαν
1025 4121 1144 4184 διδόναι
1165 4121 1208 4193 είς
1230 4123 1350 4188 τελείαν

128 4244 309 4306 δεσποτείαν
330 4244 385 4302 καί
407 4238 598 4319 διακατοχὴν
620 4240 659 4298 τὰ
681 4245 738 4298 τῶν
757 4235 929 4318 ἐκκλησιῶν
947 4237 1077 4321 ἀκίνητα
1091 4241 1244 4321 κτήματα,
1268 4237 1350 4302 ἀλλὰ

129 4363 222 4442 μίχρι
249 4361 303 4440 μίν
327 4352 402 4438 ὅλης
423 4363 477 4436 τῆς
500 4357 580 4434 ζωῆς
602 4347 695 4412 αύτού
711 4356 830 4433 στίργει
845 4355 879 4414 τὸ
895 4356 1053 4434 γινόμενον
1067 4351 1137 4436 παρ’
1153 4352 1256 4431 αύτού,
1273 4359 1350 4439 μετὰ

129 4477 164 4538 δὲ
198 4479 249 4540 εόν
283 4471 377 4536 αύτού
410 4474 546 4535 θάνατον
568 4465 847 4552 ἐπαναστρίρονται
867 4472 944 4550 πρὸς
967 4471 1021 4553 την
1042 4469 1226 4555 ἐκκλησίαν,
1260 4481 1349 4535 τούτο
