3258 5278
262 307 321 371 134

259 467 474 577 μητροπόλεως
501 493 719 578 Κωνσταντίνφ
745 495 788 579 τῷ
808 495 1006 580 Ἀσπρόφρυι,
1032 495 1131 557 δοῦσα
1155 499 1209 558 καί
1233 495 1359 576 προικός
1387 495 1485 575 χάριν

259 611 337 698 αύτη
358 618 533 696 πράγματα,
558 611 618 678 δσα
639 619 693 678 καί
721 613 752 677 ἀν
778 615 822 696 τηῐ
847 618 986 692 γεγονότι
1014 617 1164 700 συμφώνῳ
1189 613 1485 694 περιλαμβάνονται,

137 745 138 750 ’
259 737 314 794 καί
335 733 425 796 τούδε
452 740 505 796 τού
529 734 668 814 γαμβροῦ
696 731 744 796 ἀπί
769 733 854 795 παιδί
881 733 976 817 θήλει
1002 735 1053 794 τόν
1081 734 1146 813 βίον
1173 731 1385 804 ἀπολιπόντος,
1414 727 1487 790 εἶτα

260 853 338 934 μετὰ
360 853 469 933 χρόνον
490 849 547 914 ἵνα
566 853 644 933 πρύς
671 853 712 934 τῷ
738 847 843 934 ἡμίσει
868 855 923 914 καί
950 853 984 913 τύ
1010 857 1146 912 τοιοῦτον
1172 849 1293 912 παιδίον
1315 851 1357 931 τιβ
1381 850 1486 932 χρεὸν

260 967 483 1055 ίλειτούργησε,
506 969 670 1050 δυναστεία
691 969 726 1031 δί
748 973 944 1053 χρησάμενος
966 965 982 1033 δ
1003 970 1155 1050 πενθερός
1177 966 1329 1052 ίκράτησε
1352 971 1409 1050 μεν
1427 969 1487 1028 καί

261 1085 321 1150 ἀπό
344 1098 401 1149 τῶν
422 1091 591 1170 προικόθιν
614 1086 788 1168 ἀνηκόντων
810 1099 849 1172 τη
871 1090 991 1165 γυναικί
1011 1089 1197 1170 πραγμάτων
1220 1083 1374 1172 ύπίρπυρα
1393 1087 1483 1168 τριά-

192 1265 194 1268 .
260 1225 364 1280 κοντα,
387 1211 523 1289 κατίσχι
546 1207 581 1267 δί
602 1208 656 1268 καί
678 1201 885 1290 ὑπεποιήσατο
906 1209 961 1268 καί
981 1207 1080 1268 πάντα
1103 1208 1141 1267 τὰ
1156 1207 1341 1290 διαφέροντα
1356 1201 1399 1286 τῷ
1415 1201 1484 1284 οἶμ’,

262 1327 340 1406 μετὰ
361 1327 415 1387 καί
436 1333 490 1408 τῆς
516 1333 741 1408 γεννηματικῆς
767 1322 889 1387 εἰσόδου
914 1332 969 1408 της
995 1320 1027 1384 ἀν
1054 1334 1092 1407 τῇ
1119 1323 1244 1406 τελευτή
1272 1321 1393 1386 ἀκτίνου
1419 1341 1483 1384 κα-

261 1443 483 1525 θευρεθείσης,
510 1446 622 1526 καίπερ
645 1436 738 1526 αύτής
766 1438 823 1506 υύκ
850 1439 942 1519 όλίγα
968 1439 1173 1524 ἀναλωσάσης
1196 1437 1269 1524 ύπόρ
1295 1461 1327 1503 τε
1353 1441 1488 1524 κηδείας

262 1565 317 1623 καί
339 1563 537 1645 μνημοσύνων
553 1569 606 1625 τού
624 1582 657 1624 τε
674 1559 784 1644 ἀνδρός
805 1565 859 1624 καί
881 1567 934 1623 τού
956 1562 1093 1623 τοιούτου
1114 1561 1248 1636 παιδίου,
1271 1555 1307 1622 ού
1323 1563 1415 1644 χάριν
1431 1561 1489 1620 καί

200 1714 205 1726 .
262 1677 381 1764 ἐδεήθη
404 1680 567 1761 συνοδικής
588 1689 688 1762 τυχεῖν
712 1680 916 1756 διαγνώσεως.
941 1675 1035 1750 ούτως
1054 1650 1110 1741 σύν
1132 1677 1266 1763 λχούσης
1288 1688 1343 1762 τῆς
1365 1674 1485 1740 ύποθό-

263 1819 342 1868 σεως
364 1797 544 1873 διίγνωσται
566 1807 604 1880 τῇ
626 1794 712 1881 ἡμῶν
735 1801 906 1881 μετριότητι
932 1801 986 1859 καί
1013 1807 1075 1868 τοῖς
1101 1801 1169 1878 περί
1190 1793 1284 1890 αύτήν
1307 1795 1488 1877 ἱερωτάτοις

264 1913 450 1999 ἀρχιερεῦσι,
472 1919 707 1998 προηγυομίνως
731 1919 785 1999 μὲν
808 1914 1000 1997 ίκανωθήναι
1021 1924 1059 1998 τῇ
1082 1909 1216 1999 ῥηθείσῃ
1239 1917 1361 1992 γυναικί
1381 1922 1487 1976 πάσαν

263 2036 317 2116 τήν
338 2045 450 2116 προῖκα
471 2035 583 2116 ταύτης
611 2031 774 2116 ἀνελλιπῆ,
809 2031 854 2096 ίτι
879 2035 914 2095 δὲ
940 2037 995 2096 καί
1017 2035 1051 2096 τύ
1073 2037 1155 2096 κατὰ
1176 2036 1288 2116 νόμους
1310 2035 1487 2114 θεωρετρυ-

264 2153 429 2232 ύπόβολυν,
453 2152 588 2234 δοθῆναί
603 2173 635 2214 τε
660 2147 737 2236 αύτή
759 2156 813 2214 καί
836 2149 990 2234 ύπόρποριι
1016 2151 1254 2234 εἰκοσιτέσσαρα
1281 2149 1387 2214 δνεκεν
1414 2151 1487 2212 δια-

267 2281 380 2356 τροφῆς
403 2269 512 2354 ἑαυτῆς
535 2271 586 2332 τόν
607 2272 758 2351 πίνθιμον
780 2273 890 2354 χρόνον
918 2266 991 2352 ύπὲρ
1014 2279 1066 2332 τού
1094 2268 1204 2352 ἀνδρὸς
1230 2271 1411 2355 φυλαξάσης
1434 2271 1491 2330 καί

264 2389 481 2470 δικαιουμύνης
503 2390 585 2448 κατὰ
607 2391 719 2470 νόμους
742 2385 882 2451 ἐντεῦθεν
905 2385 953 2449 ἐπί
969 2367 1119 2451 ,τοσούτον
1142 2385 1178 2448 ἐκ
1202 2397 1260 2448 τῶν
1279 2383 1402 2448 ἐκείνου
1417 2385 1490 2447 δια-

265 2507 442 2588 τρέφεσθαι,
466 2503 531 2566 &mi
553 2508 607 2566 καὶ
620 2507 679 2570 τόν
701 2509 861 2588 κρείττονα
882 2509 937 2570 καί
959 2480 1128 2588 μοναχικόν
1147 2503 1246 2568 είλετο
1265 2507 1341 2586 βίον,
1359 2506 1401 2587 μή
1418 2502 1491 2567 ἀνε-

266 2627 385 2708 χομόνη
416 2621 556 2689 ίπιπλίον
588 2625 705 2714 διάγειν
733 2628 814 2690 κατὰ
839 2627 972 2706 κόσμον,
1001 2629 1132 2707 χηρείαν
1160 2633 1213 2688 τού
1241 2621 1352 2706 ἀνδρὸς
1377 2623 1491 2686 δυστυ-

266 2745 403 2825 χήσασα.
432 2739 480 2805 ina
508 2746 610 2824 μόντυι
639 2755 700 2815 τοῖς
726 2751 891 2826 προσούσιν
918 2742 1024 2825 ἐκείνῳ
1055 2754 1132 2806 πᾶσι
1157 2745 1327 2824 πράγμασι,
1354 2751 1491 2818 γονικυῖς

266 2861 409 2946 δηλονότι
438 2859 586 2944 οἰκήμασι
616 2867 671 2926 καί
703 2859 878 2944 ἀμπιλίυις,
908 2865 961 2924 καί
993 2862 1109 2931 λοιποῖς
1137 2859 1325 2943 ίδιοκτήτοις
1360 2857 1491 2934 ἀκτίνυυ,

266 2985 420 3059 κρατῆσαι
441 2981 479 3042 τὰ
502 2989 555 3061 τῆς
577 2990 687 3061 νεαρᾶς
716 2983 920 3060 νομοθεσίας,
948 2977 1012 3042 ἀπεί
1038 2982 1072 3042 τύ
1098 2979 1221 3041 παιδίον
1248 2981 1327 3060 μετὰ
1353 2980 1492 3039 θάνατον

268 3103 321 3156 τοιῖ
344 3092 452 3176 ἀνδρὸς
475 3092 662 3180 ἐτελεύτησε,
685 3094 817 3174 καθ’,δν
840 3095 955 3178 εἴρηται
977 3098 1101 3178 τρόπον,
1118 3101 1172 3158 καί
1195 3093 1239 3167 εἰς
1261 3106 1340 3178 τρεῖς
1362 3095 1491 3177 μερίδας

158 3219 160 3222 ’
267 3214 379 3274 τούτων
402 3213 626 3294 διαιρεθίντων,
648 3215 703 3298 τήν
726 3219 797 3296 μίαν
821 3217 874 3296 μὲν
897 3211 939 3284 ὣς
960 3215 1152 3296 κληρονόμον
1174 3215 1279 3295 λαβεῖν
1306 3208 1413 3297 αύτήν,
1438 3213 1491 3295 τήν

266 3327 371 3411 ἐτίραν
394 3329 428 3392 δε
452 3332 502 3392 τόν
525 3329 643 3393 ἐκείνου
664 3337 790 3414 πατίρα,
814 3331 857 3402 τίς
879 3332 913 3395 δὲ
940 3334 994 3414 τήν
1016 3331 1127 3416 τρίτην,
1149 3345 1255 3415 πρῶτα
1277 3337 1332 3416 μὲν
1347 3333 1489 3394 καταλο-

220 3437 224 3447 ’
266 3451 423 3530 γισθήναι,
447 3447 511 3512 δσαι
528 3451 725 3534 παράτήσδε
748 3459 800 3534 τής
828 3453 974 3526 γυναικός
1000 3449 1172 3514 ἀνάλωνται
1199 3447 1273 3534 ύπίρ
1302 3459 1361 3512 των
1384 3455 1490 3534 ψυχῶν

265 3567 394 3648 κηδείας
416 3571 505 3650 χάριν
529 3571 583 3630 καὶ
606 3569 813 3652 μνημοσύνων,
836 3571 874 3628 τὰ
896 3568 930 3630 δὲ
951 3569 1163 3652 περιττεύοντα
1186 3566 1230 3630 ἀπ’
1251 3567 1322 3651 ἴσης
1345 3565 1444 3651 αύτήν
1458 3589 1490 3630 τι

252 3685 319 3744 ,καί
347 3686 396 3744 τόν
423 3687 571 3766 πενθερόν
600 3678 864 3766 συμμερίσασθαι,
892 3681 970 3748 ὥστε
996 3688 1047 3748 τόν
1075 3691 1130 3768 μὲν
1159 3681 1233 3768 ύπόρ
1262 3694 1316 3768 τῆς
1343 3695 1398 3748 τού
1426 3684 1491 3749 υἱοδ

267 3803 381 3882 ψυχῆς,
409 3802 462 3883 τήν
486 3803 519 3863 δὲ
543 3799 615 3885 ὑπὲρ
643 3813 696 3886 τῆς
723 3810 776 3863 τοῦ
802 3803 926 3864 παιδίου
951 3808 1119 3887 φροντίζειν
1150 3805 1332 3866 συνειδότων
1353 3809 1409 3867 καί
1432 3815 1489 3866 τάν

265 3925 434 3999 προκρίτων
457 3928 509 3980 τοῦ
528 3921 647 4003 κλήρου
671 3931 723 4003 τῆς
751 3919 851 3981 ἐκεῖσε
878 3919 1050 4005 ἁγιωτάτης
1078 3921 1306 4005 μητροπόλεως·
1335 3919 1412 3985 ὅθεν
1436 3927 1489 3985 καί

265 4035 381 4118 ὀφείλει
404 4033 492 4104 οὖτος
515 4039 552 4118 δή
576 4037 592 4100 ό
614 4043 762 4120 πενθερός
786 4041 906 4121 στέρξαι
927 4045 980 4101 καί
1004 4042 1045 4122 μή
1070 4038 1220 4102 ἀντειπεῖν
1241 4038 1320 4110 ύλως
1343 4039 1392 4102 ἐπί
1415 4043 1487 4124 τήδε

267 4163 303 4233 τή
326 4154 472 4235 συνοδικη
496 4155 656 4229 διαγνώσει
680 4165 732 4238 τῆς
755 4152 840 4238 ἡμῶν
864 4161 1074 4238 μετριότητος,
1098 4154 1233 4239 ἀχούσης
1259 4155 1300 4228 ὣς
1325 4157 1487 4242 ἀνηνίχθη

265 4271 407 4352 δηλονότι
430 4279 483 4351 τῆς
506 4267 692 4344 ὑποθέσεως,
717 4275 848 4352 βεβαίως
871 4272 969 4348 είδύς,
993 4272 1034 4344 ύις
1058 4275 1084 4335 εὶ
1106 4278 1161 4336 καί
1177 4275 1222 4338 ἔτι
1237 4277 1487 4340 καταδυναστεύ-

266 4409 322 4456 σας
345 4383 401 4450 ούκ
426 4383 629 4470 εύτειθήσει,
643 4385 869 4473 εύθυνθήσεται
892 4395 974 4453 κατά
995 4390 1048 4474 ’τήν
1071 4377 1236 4489 κανονικήν
1266 4399 1486 4480 παρατήρησιν,

266 4502 306 4573 ὡς
329 4505 487 4585 ποιῶήλως
505 4489 552 4587 ’τῷ
573 4507 683 4588 δικαίῳ
712 4505 946 4590 ἐναντιούμενος.
976 4505 1040 4570 ἐπεί
1067 4510 1107 4570 δὲ
1131 4507 1148 4573 ὁ
1171 4521 1309 4589 τοιοῦτος
1338 4515 1487 4596 πενθερός
