3282 5270
321 287 384 354 ⁴94

323 481 376 538 τού
407 472 521 550 Γάνοο,
554 472 653 556 σεπτῷ
682 493 716 534 τε
744 473 929 556 κελεύσματι
954 477 1008 538 καί
1040 469 1166 556 εύδοκίς
1197 482 1249 539 τού
1280 481 1445 558 κρατίστου
1477 481 1532 540 καί

323 589 413 669 άγίου
435 612 494 674 μου
516 585 751 673 αὐτοκράτορος,
775 589 820 676 ἀφ’
845 589 869 676 ᾧ
891 595 928 654 τά
949 601 1003 676 της
1025 590 1192 677 ίκκληυίας
1213 595 1317 666 καλός
1335 591 1458 676 ἵδρυται
1477 597 1534 657 καί

323 707 511 792 ἀστηρικται,
545 706 739 792 ἀπυκατίστη
773 719 810 792 τη
832 717 885 773 τού
906 707 1038 792 Χριστοῦ
1060 713 1162 794 χάριτι
1194 708 1242 774 ἀπί
1273 712 1326 795 την
1359 707 1532 794 άγεωπάιην
1635 707 1636 730 ί

323 827 506 911 μητρόπολιν
527 823 723 892 Ναυπάκτου.
758 825 847 888 ίνδεν
873 847 920 889 τοι
945 829 999 890 καί
1021 823 1196 892 ἀπολύουσα
1217 824 1237 914 ἡ
1266 831 1424 913 μετριότης
1444 825 1532 912 ἡμῶν

322 947 376 1028 την
398 953 554 1026 παροῦσαν
579 944 749 1026 σονοδικην·
761 945 866 1025 πρᾶξιν
887 947 963 1026 πρός
985 945 1070 1007 τόνδε
1089 948 1141 1008 τόν
1160 943 1321 1028 ἱερείτατον
1343 947 1532 1031 μητροπολί-

322 1084 376 1144 την
398 1061 598 1138 Ναυπάκτου,
631 1057 790 1144 ύπίρτιμον
822 1066 876 1124 καί
909 1061 1038 1145 δίαρχον
1069 1065 1171 1146 πάσης
1192 1061 1356 1139 Λίτιελίας,
1389 1063 1421 1125 δν
1455 1060 1533 1145 άγίυρ

321 1183 468 1264 πνεύματι
490 1179 646 1264 ἀγαπητόν
669 1177 801 1264 ἀδελρύν
823 1189 877 1263 της
897 1175 983 1266 ἡμῶν
1005 1183 1199 1264 μετριότητος
1213 1187 1269 1246 καί
1290 1183 1533 1264 υυλλειτουργάν,

321 1306 378 1380 κύρ
400 1297 572 1374 Ματθαῑυν,
593 1297 715 1360 δίδωσιν
738 1294 821 1378 αότερ
842 1299 896 1380 ιην
919 1295 1092 1380 ἀνήκουσαν
1115 1300 1188 1382 τῇδε
1210 1309 1248 1383 τῇ
1270 1297 1339 1363 κατ’
1362 1295 1454 1362 αύτόν
1477 1297 1534 1362 ίκ-
1636 1304 1637 1312 ’

323 1416 440 1500 κληυίη
460 1426 562 1480 πάσαν
585 1415 637 1498 την
660 1413 875 1498 ἀρχιερατικὴν
897 1415 1097 1498 διεξαγωγὴν,
1130 1412 1172 1489 ύς
1204 1421 1318 1500 γνησίεμ
1340 1417 1454 1500 ταύτης
1477 1413 1535 1499 ἀρ-
1636 1399 1637 1404 ¹

323 1545 430 1618 χιερεί,
454 1534 488 1605 δς
510 1534 548 1616 δη
570 1535 645 1616 πρός
667 1532 708 1616 τῷ
728 1533 834 1616 λαχεῖν
857 1533 909 1616 τήν
931 1529 1100 1617 λπιενομίαν
1122 1543 1176 1618 τῆς
1198 1536 1339 1618 τοιαύτης
1360 1532 1537 1618 ἀγεωτάτης

325 1655 539 1738 μητροπόλεως
560 1651 746 1717 Ναυπάκτου
767 1651 828 1726 ίξει
860 1657 914 1716 καί
935 1655 988 1738 την
1011 1651 1059 1716 ἀπὶ
1080 1662 1133 1718 τού
1159 1652 1239 1736 ίερυύ
1266 1655 1435 1736 σονύρύνου
1457 1655 1534 1715 ταύ·

325 1793 381 1856 της
404 1770 632 1853 ίγκαύίδροσιν.
665 1779 716 1833 νύν
739 1774 841 1854 ράντοι
863 1791 898 1848 γε
920 1769 1037 1856 δρείλει
1063 1771 1145 1854 ίχειν
1167 1772 1219 1854 την
1242 1769 1350 1836 ίυυτού
1372 1771 1536 1854 καόίδραν

325 1889 373 1954 ἐπὶ
395 1898 448 1974 της
467 1885 516 1952 ἀπ’
539 1883 630 1952 αύτόν
652 1886 823 1973 ἁγιωτάτης
846 1887 1012 1974 ίπισκυτεης
1034 1897 1088 1973 τῆς
1108 1887 1139 1952 δν
1154 1899 1191 1972 τῇ
1206 1887 1394 1972 Ἀκαρνανίας
1405 1887 1534 1972 Ἀρτης,

325 2009 408 2092 δχειν
430 2030 462 2072 τε
484 2011 539 2070 καί
560 2010 614 2078 τάς
636 2002 682 2070 ὑπ’
706 2004 796 2071 αύτόν
819 2006 924 2090 ἀείρας
945 2006 1127 2082 ίπισκυπάς,
1154 2006 1226 2071 ἄνευ
1247 2014 1305 2070 τόν
1326 2007 1381 2070 δύο
1403 2005 1533 2070 ἀπευκυ·

324 2136 388 2189 πύν
410 2121 515 2200 αδτού,
538 2133 591 2208 τῆς
611 2147 642 2188 τε
658 2124 887 2208 Δρονυυπόλεως
908 2129 962 2188 καί
984 2134 1037 2208 τῆς
1051 2121 1161 2200 Βελάς,
1183 2123 1238 2188 καὶ
1251 2127 1333 2187 αατά
1347 2126 1400 2208 την
1416 2122 1534 2207 ἐκκλη-

324 2246 484 2329 σιαστικὴν
516 2245 598 2316 τάξιν
619 2245 674 2307 καί
699 2238 885 2307 ὑποτύπωσιν
908 2251 962 2326 τῆς
995 2241 1169 2326 ἀνηκούσης
1200 2237 1282 2324 αύτῷ
1313 2250 1402 2324 τιμῆς
1434 2241 1467 2305 δν
1501 2263 1535 2303 τε

324 2363 505 2444 καύίδραες,
528 2363 655 2424 στάσεσί
675 2381 708 2422 τε
730 2364 784 2425 καί
806 2360 1026 2435 σονελεύσεσιν,
1050 2357 1249 2436 ἀναγνωστὸν
1270 2359 1440 2444 υρρσγίδας
1459 2377 1534 2421 ποι-

326 2491 385 2554 είν,
418 2475 637 2548 ὑποδιακόνους
669 2497 702 2540 τε
734 2481 788 2539 καί
819 2477 989 2550 διακόνους
1002 2477 1196 2559 πρυβεβάίειν
1228 2480 1282 2538 καί
1311 2475 1536 2558 πρεσβυτέρους

326 2605 509 2682 χειροτονεῖν
530 2593 585 2658 καὶ
607 2592 788 2666 ίπισκόπυος
811 2593 855 2665 είς
877 2597 931 2666 τάς
954 2591 1000 2657 ὑπ’
1024 2589 1113 2657 αύτόν
1136 2594 1306 2677 ἐκκλησίας
1332 2591 1536 2670 ίγκαδιστᾰν,

324 2715 482 2802 δρειμόνυν
514 2717 568 2775 καί
600 2720 688 2775 τούτο
720 2714 924 2795 τράπεσδαι,
957 2710 1162 2792 ίπιλαβίσδαι
1193 2711 1228 2773 δύ
1250 2715 1304 2773 καί
1324 2713 1443 2773 πάντων
1475 2719 1536 2772 τῶν

323 2833 512 2916 δύενδηπυτε
535 2831 735 2914 διαφερόντων
756 2829 883 2892 δικαίων
904 2839 942 2912 πρ
963 2825 1031 2891 κατ’
1054 2823 1144 2890 αδτύν
1164 2825 1318 2910 άγειετάτη
1338 2829 1535 2919 μητροπόλει,

324 2949 399 3016 ύδεν
431 2946 602 3033 ύηείλυυυιν
635 2944 669 3008 υί
696 2967 729 3008 τε
752 2945 784 3010 ίν
806 2943 883 3032 αύιη
905 2947 1047 3030 κληρικοί
1068 2949 1123 3010 καί
1148 2945 1317 3029 ἱερωμίνοε,
1349 2949 1534 3030 μονάζονείς

323 3093 356 3134 τε
377 3072 432 3134 καί
453 3065 568 3142 λαίκοὶ,
592 3063 775 3130 ύποκείσδαι
797 3069 892 3150 τούτιρ
913 3068 968 3130 καί
987 3067 1178 3150 πειθαρχεῖν,
1201 3061 1260 3128 6ου
1287 3069 1401 3149 γνησίρ
1434 3061 1533 3128 αδτΐεν

325 3186 460 3272 ἀρχιερεῖ
480 3189 534 3249 καί
554 3188 682 3268 τοιμίνι,
706 3189 814 3268 μεσίτρ
837 3206 869 3246 τε
890 3187 944 3247 καί
965 3183 1135 3267 διαλλακτῇ
1157 3187 1196 3246 τό
1216 3185 1289 3266 πρός
1303 3185 1379 3247 διδν
1401 3203 1431 3247 κ.
1454 3205 1481 3246 τ.
1504 3185 1533 3247 λ

325 3302 498 3367 ίπιδίδοταε
528 3297 548 3384 ἡ
580 3309 720 3384 παρυύσα
747 3301 891 3384 σονοδικη
916 3301 1021 3384 πρᾶξις
1038 3300 1122 3384 τῷδε
1145 3303 1188 3382 τῷ
1212 3300 1413 3385 διαληρδύντι
1444 3298 1533 3383 δερκ-

324 3423 404 3504 τάτιρ
439 3419 644 3505 μητροπολίτη
667 3417 863 3494 Ναυπάκτου,
897 3414 1047 3502 ύπερτίμω
1069 3422 1122 3480 καί
1145 3415 1292 3500 ἀγαπητῷ
1323 3416 1447 3502 ἀδελφῷ
1477 3425 1530 3500 της

323 3537 409 3624 ἡμῶν
432 3541 625 3622 μετριότητος
646 3541 701 3599 καί
722 3535 950 3620 σολλειτουργιρ,
972 3533 1009 3598 δι’
1038 3534 1217 3620 ἀσφάλειαν,
1241 3535 1432 3600 ἀπολυθεῖσα
1452 3537 1531 3599 κατά

325 3667 407 3742 μῆνα
439 3656 555 3720 δούλιον
588 3664 642 3740 τῆς
674 3654 871 3738 ἀνισταμένης
904 3655 925 3716 ε’
956 3653 1013 3717 ίνδ.
1047 3662 1099 3718 τού
1124 3655 1219 3738 ,ςωοά
1244 3653 1343 3731 ἔτους,
1381 3651 1448 3738 ἥτις
1479 3659 1532 3718 καί

290 3789 294 3797 ’
325 3773 530 3859 ύπεσημάνθη
552 3785 589 3858 τῇ
612 3773 780 3857 αύτοχείριρ
804 3769 964 3858 ύπογραρη
986 3781 1039 3856 της
1061 3771 1147 3856 ἡμῶν
1169 3777 1373 3858 μετριότητος.

528 3957 732 4024 ΟΟΧΧΧῊ.
757 3957 994 4036 (6876*1367)
1009 3957 1176 4021 novembri.
1200 3957 1263 4023 ind.
1278 3957 1329 4022 VI.

627 4099 875 4169 ύλτίείίονεεεμοίσοτ
886 4099 1001 4168 praesul
1014 4101 1044 4152 εἐε
1059 4103 1102 4152 εἐετ
1116 4111 1238 4157 vocatur.

412 4241 534 4326 γΜηνί
556 4245 714 4327 νυεμβρίιρ,
737 4245 776 4320 θ’,
809 4241 910 4330 ἠμόρα
932 4251 1029 4328 τρίτη,
1061 4244 1119 4308 ίνδ.
1154 4245 1191 4321 ς’,
1213 4249 1452 4330 προκαθημίνου
1478 4255 1527 4309 τού

328 4362 559 4436 παναγιωτάτοο
591 4357 677 4444 ἡμῶν
699 4363 857 4436 δεσπότου,
880 4370 932 4424 τού
956 4359 1166 4444 οὶκοομενεκού
1187 4365 1386 4446 πατριάρχου,
1419 4360 1452 4424 ἀν
1472 4373 1527 4431 τοῖς

327 4478 461 4551 κελλίυις
483 4485 537 4560 της
560 4479 696 4564 μιγάλης
719 4481 888 4562 ἁγιωσύνης
910 4475 1003 4544 αύτυύ
1025 4491 1085 4552 τοῖς
1108 4478 1140 4542 ἐν
1161 4491 1221 4551 τοῖς
1243 4481 1351 4554 δεξιοῖς
1371 4499 1525 4565 κατηχού-
