3262 5276
1277 319 1338 382 331

112 509 174 568 καί
197 502 263 589 ἅμα
283 506 542 588 προμηθευομένη
564 505 618 566 κοιί
640 500 727 588 αδτή,
751 499 836 586 ὅπως
854 501 890 565 ἀν
912 503 966 565 καί
987 499 1004 564 ὁ
1025 503 1107 564 κατὰ
1126 503 1180 586 την
1196 501 1339 574 Συζόπυ-

115 624 170 684 λιν
192 621 412 707 εὑρισκόμενος
435 627 644 706 χριστῶνομος
666 623 742 693 λαός
764 620 981 705 ἀρχιερατικῆς
1004 617 1198 683 ἀπολαύωσιν
1217 619 1341 684 ἐπισκό-

113 744 200 822 ψτως
222 745 352 804 καὶτοῦ
375 739 517 804 ἐντεῦθεν
540 738 710 822 ἀγιασμοῦ,
733 737 787 802 ἀτε
809 732 848 822 Ιδὴ
871 747 924 800 του
949 739 1144 823 δηλωθέντος
1171 735 1342 814 ἀγιωτοίτου

114 855 290 942 ἀρχιερέως
313 859 426 944 Πηγῶν
448 869 485 943 ιη
510 857 620 941 ἐνοόση
643 846 724 940 αὐτῷ
746 862 816 940 περὶ
838 861 876 920 τά
896 859 1087 939 πνευματικά
1102 853 1252 941 ἐπιστήμη
1268 853 1342 917 ἱκα-

111 986 179 1046 νῶς
201 976 329 1060 ἐχοντος
352 974 473 1060 όδηγιίν
495 980 596 1060 ψυχάς
617 978 691 1060 πρός
713 979 752 1038 τὰ
773 976 907 1060 θεοφιλῆ
930 978 984 1038 καί
1005 977 1149 1057 σωτήρια,
1171 974 1224 1036 διὰ
1245 983 1342 1037 ταῦτα

112 1107 214 1180 κοινῇ
236 1096 383 1178 σονοδικη
405 1099 511 1178 γνώμη
533 1097 755 1178 κατεπράξατο,
779 1092 998 1178 ἐπειλημμένον
1021 1090 1097 1156 εἶναι
1123 1089 1215 1156 αὐτόν
1237 1090 1341 1156 ἐπιδό-

113 1235 201 1284 σεως
223 1215 381 1296 λόγουκαὶ
403 1211 447 1297 ἐφ’
471 1210 532 1296 ὅρῳ
554 1223 609 1296 τῆς
632 1217 711 1296 ίωης
734 1209 827 1275 αὐτοῦ
850 1210 961 1294 ἀπάρτι
982 1221 1036 1294 τῆς
1059 1207 1153 1294 αὐτῆς
1168 1208 1341 1296 ἁγιωτάτης

115 1330 294 1415 ἐκκλησίας
316 1329 532 1403 Σωζοπδλτως·
557 1332 737 1415 ἐπιλήψεται
759 1335 857 1392 τοίνυν
880 1325 967 1400 οὗτος
990 1324 1084 1413 αὐτῆς
1106 1333 1342 1412 τοιουτοτρόποις

118 1453 205 1531 μετά
226 1451 345 1512 πάντων
368 1459 425 1512 τῶν
448 1445 496 1512 ἀπ’
518 1446 621 1531 αὐτὴν,
644 1447 836 1532 ἱερουργὴοτι
858 1469 889 1509 τε
913 1445 944 1510 ἓν
960 1441 1038 1530 αὔτη
1052 1449 1107 1518 καί
1121 1442 1342 1518 ὑποδιακόνους

114 1572 177 1630 καί
203 1568 365 1638 διακόνους
386 1569 441 1630 καί
461 1565 551 1648 ἱερεῖς
574 1565 634 1630 ἀπό
656 1577 714 1630 τῶν
736 1564 783 1631 ὁπ’
806 1562 901 1650 αὐτὴν
923 1568 1146 1649 χειροτονήσει,
1168 1570 1223 1628 καί
1238 1563 1342 1638 ἁπλῶς

112 1687 220 1746 πάντα
246 1681 278 1748 ἐν
307 1679 384 1769 αότη
412 1673 653 1768 καταπράξεται,
682 1682 741 1748 όσα
762 1687 816 1747 καί
837 1687 961 1768 γνήσιος
985 1681 1143 1766 ἀρχιερεὺς
1167 1679 1270 1766 αὐτῆς,
1294 1679 1340 1766 ἐρ’

112 1797 181 1882 ὅριρ
210 1809 264 1883 της
291 1806 371 1886 ζωῆς
399 1799 490 1866 αὐτοῦ
518 1803 594 1885 δίχα
619 1811 673 1886 τῆς
699 1811 752 1864 που
780 1800 860 1884 ἱεροῦ
887 1804 1055 1882 συνθρόνου
1078 1799 1345 1882 ἐγκαθιδρόσιιος,

111 1916 157 1988 ὣς
175 1921 258 1980 κατὰ
271 1918 363 1994 λόγον
380 1917 553 1994 ἐπιδόσεως,
575 1916 758 2004 δφειλόντων
775 1922 829 1980 καί
844 1927 902 1980 τῶν
917 1919 1071 2001 κληρικῶν
1090 1920 1145 1979 καί
1168 1916 1343 1980 τῶνᾶλλων

114 2035 271 2112 ἀπάντων,
287 2036 455 2120 ίερωμένων
470 2043 525 2100 καί
538 2039 663 2112 λαῑκῶν,
690 2040 724 2100 τό
739 2045 895 2120 προσῆκον
911 2031 992 2118 αὐτῷ
1007 2037 1101 2117 σέβας
1116 2040 1171 2099 καί
1186 2037 1239 2119 τὴν
1255 2037 1343 2120 τιμὴν

115 2154 303 2220 ἀποδιδόναι
324 2161 380 2220 καί
401 2152 534 2220 ὑπείκειν
556 2155 611 2219 καὶ
635 2159 828 2240 πειθαρχεῖν,
858 2153 904 2240 ἐρ’
931 2153 976 2226 οἷς
998 2157 1072 2238 πρός
1100 2151 1210 2227 αότοός
1236 2156 1344 2237 μέλλει

112 2284 274 2356 παραινεῖν
296 2272 351 2336 καὶ
373 2273 569 2358 εἰσηγεῖσθαι
590 2273 744 2359 ἀφορῶσιν
772 2273 815 2345 εἰς
842 2271 991 2358 ἀρέλιιαν
1018 2283 1076 2336 τῶν
1103 2277 1207 2356 ψυχῶν
1235 2267 1343 2336 αὐτῶν.

114 2390 162 2463 εἰς
184 2395 239 2454 καί
261 2391 314 2476 την
335 2390 404 2474 περὶ
425 2395 532 2456 τούτου
555 2391 725 2477 ἀσφάλειαν
747 2388 843 2474 καὶὴ
870 2400 1011 2474 παροῦσα
1036 2387 1171 2476 ἡμετέρα
1198 2390 1343 2470 συνοδικη

114 2511 228 2592 πρᾶξις
253 2511 297 2592 τῷ
322 2511 526 2596 διαληρθέντι
551 2509 702 2594 ἱερωτάτη)
730 2511 937 2594 μητρυπολίτη
969 2509 1082 2594 Πηγῶν
1113 2513 1167 2572 καὶ
1194 2504 1344 2591 ὑπερτίμιρ

117 2627 298 2690 ὲπιδέδοται
318 2631 349 2704 †.

204 2750 225 2823 †
256 2745 364 2829 Εἶχε
396 2750 455 2810 τό·
491 2752 593 2832 μηνί
626 2752 909 2832 ριοροοαρίιρ
942 2748 1020 2812 ίνδ.
1057 2748 1080 2820 ζ’
1111 2751 1141 2826 †.
1229 2765 1231 2770 '

375 2931 529 2998 CXLVII.
550 2935 788 3012 (6862-1354)
811 2933 922 2996 martio
943 2932 1093 2996 ind.V11.

275 3074 408 3128 Gallim«
426 3075 561 3144 populum
582 3075 747 3129 Ρινίεότοτίι·
767 3086 863 3136 monet,
880 3085 911 3128 ut
932 3079 1057 3145 τρίτοορο
1078 3077 1194 3129 obediat.
1224 3125 1225 3128 ,

205 3215 477 3299 γΕόλαβέστατυι
499 3220 642 3302 κληρικοί
665 3230 718 3303 τῆς
745 3218 918 3304 ἁγιωτάτης
945 3221 1116 3303 ἐκκλησίας
1139 3219 1345 3302 Περιθεωρίου

117 3341 174 3400 καὶ
196 3334 214 3400 δ
237 3333 294 3398 όπό
310 3337 365 3418 τήν
387 3333 506 3418 ἐνορίαν
528 3338 640 3420 ταύτης
662 3341 716 3400 καὶ
732 3335 925 3420 ἐπικράτειαν
941 3333 1156 3420 εὑρισκόμενος
1172 3346 1224 3400 του
1240 3342 1346 3421 κυρίου

116 3457 204 3530 λαός,
232 3453 405 3547 ἱερωμένοι,
432 3442 596 3538 ἄρχοντες,
624 3455 741 3530 λαῐκοί,
771 3453 916 3540 ἀγαπητά
942 3460 1024 3518 κατά
1050 3457 1155 3538 κύριον
1177 3461 1270 3518 τέκνα
1292 3466 1346 3540 της

116 3571 205 3660 ἡμῶν
234 3576 443 3657 μετριότητος,
470 3575 574 3656 χάριν,
602 3572 738 3658 είρηνην,
766 3575 867 3646 ἔλεος,
894 3570 1041 3657 εὐθηνίαν
1069 3595 1100 3634 τε
1129 3584 1187 3636 τῶν
1215 3572 1344 3650 ἀγαθῶν

117 3695 174 3756 καί
199 3691 333 3775 ψυχικὴν
361 3696 511 3774 σωτηρίαν
539 3689 702 3774 ἐπεύχεται
729 3703 821 3755 πᾶσιν
849 3688 957 3776 όμῐνὴ
986 3695 1144 3775 μετριότης
1169 3689 1256 3776 ἡμῶν
1284 3690 1344 3755 ἀπό

116 3813 196 3872 θεοῦ
222 3813 468 3892 παντοκράτορος
512 3808 572 3873 ἀπό
605 3818 658 3894 τῆς
689 3809 899 3893 ἀποδοθείσης
932 3811 1094 3894 σονοδικης
1125 3812 1263 3892 πράξεως
1290 3821 1345 3895 τῆς

119 3926 206 4012 ἡμῶν
239 3929 434 4010 μετριότητος
466 3929 593 4012 μέλλετε
625 3933 794 4012 γνωρίσειν,
826 3925 910 3999 ὅπως
945 3925 1068 4012 ἐτάχθη
1099 3925 1302 4010 εὑρίσκεσθαι
1328 3926 1345 3994 ό

122 4045 286 4129 ἱερώτατος
320 4047 544 4130 μητροπολίτης
577 4045 847 4129 Τραϊανυυπόλεως
880 4045 924 4116 τίς
957 4047 1010 4129 την
1043 4041 1136 4130 πότην
1173 4045 1345 4129 ἀγιιυτάτην

119 4164 300 4248 ἐκκλησίαν,
321 4167 377 4226 καί
398 4160 478 4236 ὅπως
499 4167 643 4247 περιέστη
668 4163 751 4246 ἔχειν
781 4171 887 4226 τοῦτον
916 4159 1009 4247 αὐτην
1038 4162 1080 4235 είς
1107 4166 1299 4247 κατόντημοι.
1328 4162 1345 4227 δ

122 4293 195 4362 γοῦν
217 4289 355 4354 τοιοῦτος
383 4281 544 4364 ἱερώτατος
574 4281 734 4366 ἀρχιιρεδς
760 4287 814 4345 καί
841 4284 1003 4366 γεννηθείς
1028 4281 1082 4344 καὶ
1108 4285 1286 4354 παιδευθείς
1313 4280 1345 4344 ἐν

124 4415 162 4486 ιη
192 4403 392 4486 θεοδοξάστφ
425 4407 479 4466 καὶ
516 4403 755 4500 θεομεγαλόντφ
786 4401 1103 4465 Κωνσταντινοοπόλει
1142 4405 1196 4463 καί
1226 4404 1345 4464 συνέοει

124 4535 311 4608 πνευματικῇ
341 4527 395 4587 καί
428 4521 521 4606 ἀρετῇ
553 4527 788 4606 κεκοσμημένος
820 4518 876 4586 ὑπό
903 4524 996 4596 θεοῦ,
1030 4517 1178 4584 ἀπολαύει
1209 4525 1264 4604 μέν
1293 4521 1345 4583 διά
