3262 5276
298 277 363 341 298

299 456 385 545 ἡμῶν
408 457 561 524 αὐθόντου
582 463 637 522 καί
659 459 824 541 βασιλίως,
842 461 914 524 ’διίν
939 459 1102 545 όκρίναμεν
1123 465 1162 524 τά
1188 465 1270 524 κατά
1295 462 1350 544 την
1377 455 1527 547 όεόθισιν

299 576 441 652 ἐξετάσαι
463 582 572 642 τεκαὶ
594 579 892 664 συνδιασκίψασθαι,
916 579 1008 644 ίνθεν
1030 601 1077 642 τοι
1098 583 1162 654 καί,
1174 582 1319 674 καθάπερ
1336 578 1443 663 ίχριην,
1464 597 1526 640 πο·
1621 622 1622 664 η

296 696 604 783 λυπραγμονησαντες
631 701 686 762 καί
713 667 995 782 διερευνησάμενοι,
1028 693 1092 761 ἐπεί
1118 693 1248 781 εόρομιν
1280 695 1437 780 ἀριδηλεις
1464 693 1527 764 ἀπὸ

298 817 454 899 μαρτύρων
475 823 529 880 τοό
551 839 583 880 τε
605 817 839 896 παναγιωτάτου
860 815 947 902 ἡμῶν
969 819 1128 894 δεσπότου,
1152 825 1205 880 τοῦ
1221 817 1438 899 οὐκουμενικοό
1460 834 1526 876 πα-

297 938 455 1019 τριάρχου,
478 944 531 1000 τοί
553 941 608 1000 καί
629 939 682 1000 διά
703 937 848 1022 πλείστης
874 940 1010 1020 θεμίνου
1038 934 1213 1020 ἐπιμελείας
1240 939 1295 999 καί
1317 934 1528 1018 άνιχνεόσαν-

296 1075 348 1125 τος
369 1058 424 1118 καί
445 1051 584 1139 εόρόντος
606 1058 676 1128 τούς
702 1060 758 1128 τάς
785 1058 930 1128 τοιαότας
956 1057 1145 1129 κακοδοξίας
1170 1057 1377 1138 νενοσηκότας
1405 1057 1462 1116 καί
1488 1049 1528 1114 όκ

297 1178 351 1233 τοῦ
373 1175 469 1256 μόσου
490 1178 711 1259 ποιησαμίνου,
735 1172 777 1248 ιὐς
800 1173 849 1238 ὐπί
870 1184 929 1238 τῶν
952 1175 1049 1258 ἔργων
1072 1173 1137 1238 όστί
1158 1178 1338 1260 καταφανὲς1
1351 1183 1414 1243 τοίς
1436 1169 1469 1234 όν
1485 1167 1531 1252 τῇ

298 1287 393 1374 Ἀγίφ
413 1289 503 1376 Ὀριι
524 1289 753 1376 εόριοκομίνοις
774 1298 829 1357 καί
850 1305 913 1366 τοῖς
935 1295 1068 1370 λοιποῖς,
1095 1302 1149 1357 τοῦ
1171 1293 1367 1376 δηλωθίντος
1394 1289 1528 1374 ἱερωτά-

295 1433 349 1476 τοο
376 1413 601 1497 μητροπολίτου
622 1411 821 1496 Ἡρακλείας,
849 1422 903 1476 τοῦ
930 1411 990 1476 &aa
1019 1422 1074 1497 της
1099 1415 1271 1504 σεβασμίας
1296 1419 1350 1474 τοό
1370 1409 1529 1482 Καλλότες

298 1539 393 1614 μονῆς
415 1533 599 1614 τιμιωτάτου
622 1530 654 1594 ἐν
677 1529 905 1615 ἱερομονάχοις,
927 1541 984 1616 κῡρ
1001 1530 1182 1606 Θεοδοσίου,
1206 1538 1260 1592 τοῦ
1282 1530 1470 1612 τιμιωτάτου
1494 1525 1529 1590 ὐν

297 1647 512 1733 ἱερομονάχοις
528 1647 588 1714 ιἰπό
604 1659 658 1734 τῆς
673 1651 844 1733 σεβασμίας
859 1659 912 1714 τοῦ
927 1649 1124 1733 Καρακάλλα
1138 1657 1242 1734 μονῆς,
1258 1657 1316 1736 κόρ
1332 1647 1452 1722 Ἰσαὰκ,
1468 1653 1527 1708 τοῦ

297 1773 480 1853 τιμιωτάτου
494 1775 726 1854 προηγουμίνου
741 1780 795 1856 τῆς
810 1769 981 1855 σεβασμίας
996 1779 1050 1833 τοῦ
1065 1768 1257 1834 Βατοπεδίυυ
1273 1777 1377 1851 μονῆς,
1394 1765 1527 1849 ἰερομο-

296 1877 403 1972 νάχουι
415 1895 472 1972 κόρ
487 1887 511 1952 Γ
513 1894 672 1973 ρηγορίοο,
694 1897 748 1952 τοό
770 1887 830 1952 ἀπό
847 1897 901 1972 της
916 1888 1087 1992 σεβασμίας
1102 1887 1157 1950 καὶ
1172 1886 1258 1971 ἱεράς
1272 1887 1399 1969 Ααόρας
1415 1907 1530 1968 τιμιω-

297 2011 390 2071 τάτου
405 2015 462 2092 κόρ
472 2007 612 2072 Ἰωάννου
627 2019 679 2073 τοῦ
694 2007 898 2092 Ἡσυχαστοό,
915 2017 967 2071 τυῖι
984 2007 1044 2072 ἀπό
1067 2016 1121 2092 τῆς
1144 2003 1238 2090 αὐτῆς
1260 2016 1314 2070 τοῦ
1329 2005 1529 2070 Βατοπεδίυυ

297 2128 479 2210 τιμιωτάτου
501 2123 533 2188 ὐν
557 2137 714 2210 μοναχοίς,
736 2135 795 2210 πῦρ
816 2127 1021 2202 Ἀθανασίου,
1043 2129 1118 2210 πρός
1133 2127 1168 2188 δὲ
1184 2131 1238 2188 καί
1254 2135 1312 2187 τῶν
1335 2123 1460 2187 οίκείων
1481 2121 1530 2206 τᾷ

294 2248 446 2328 κρατίστῳ
473 2247 528 2307 καί
556 2241 633 2327 άγίιρ
662 2265 720 2327 μου
747 2243 883 2329 αὐθόντη
914 2250 969 2310 καί
994 2247 1128 2327 βασιλεί,
1160 2252 1213 2308 τοῦ
1239 2265 1272 2316 τε
1299 2242 1437 2327 ἐπάρχου
1465 2251 1529 2325 κῆρ
1626 2290 1627 2300 ,

295 2362 449 2446 Γεωργίου
470 2371 523 2424 τοῦ
545 2361 655 2445 Ἴσαρι,
678 2371 734 2446 κόρ
754 2363 913 2428 Νικολάου
934 2331 988 2461 ἑοῖ)
1003 2364 1172 2446 Καβάσιλα
1192 2353 1249 2426 καί
1270 2367 1324 2426 ’τοῦ
1345 2369 1403 2444 κόρ
1428 2359 1527 2442 mp-
1626 2341 1627 2344 Ἴ

296 2501 354 2543 κου
376 2480 526 2558 Ἀγγίλου
548 2491 601 2544 τοῦ
623 2483 780 2567 Βαρδαλῆ,
804 2484 835 2544 οἳ
856 2483 894 2566 δη
916 2491 1058 2565 παρῆσαν
1081 2481 1129 2546 λπί
1151 2491 1205 2565 τῆς
1232 2483 1392 2560 γεγονυίας
1413 2478 1527 2540 διστί-

296 2621 352 2681 ρας
375 2597 555 2677 ἐξετάσεως,
584 2598 631 2664 ότι
654 2598 784 2683 οὐδεμία
805 2621 851 2672 τις
874 2599 957 2664 αἰτία
980 2597 1106 2685 εόρηται
1129 2607 1298 2684 τηνικαῦτα
1323 2600 1405 2661 κατά
1430 2596 1528 2659 τοῦδε

295 2727 350 2781 τοῦ
371 2726 429 2801 κόρ
450 2717 600 2804 Νίρωνος,
623 2723 795 2784 κάντεόθιν
817 2717 991 2804 ἐδικαιώθη
1013 2722 1171 2790 παντελῶς
1192 2722 1247 2780 καί
1273 2715 1416 2802 ἠθιράθη
1438 2718 1528 2778 κατά

296 2839 347 2900 τόν
370 2836 639 2922 ἀναγεγραμμίνον
662 2845 782 2922 τρόπον.
807 2839 932 2924 εἴχομεν
954 2837 992 2902 ἂν
1018 2842 1101 2902 κατὰ
1127 2839 1179 2901 τόν
1205 2845 1259 2900 τοῦ
1281 2837 1404 2898 δικαίου
1426 2835 1527 2912 λόγον

295 2954 490 3042 ἀρκεσθηναι
511 2959 629 3028 τούτοις
651 2955 724 3042 ὐπὲρ
746 2965 799 3022 τοῦ
822 2961 960 3022 τοιούτου
975 2961 1157 3042 τιμιωτάτου
1178 2957 1210 3020 όν
1226 2954 1440 3042 ἱερομονάχοις
1460 2962 1527 3036 κόρ

295 3073 435 3161 Νίρωνος
457 3079 511 3138 καί
534 3077 629 3160 μηδὲν
652 3099 680 3140 τι
703 3078 853 3161 μηδαμῶς
877 3078 970 3140 πλόον
998 3075 1181 3161 ἐπιζητῆσαι
1207 3074 1250 3148 είς
1275 3077 1330 3158 τὴν
1356 3081 1412 3156 τῆς
1438 3069 1527 3156 άλη-

296 3197 388 3265 θείας
414 3192 569 3278 ἆνεόρεσιν
600 3199 654 3258 καί
679 3199 885 3278 παράστασιν,
915 3197 1057 3268 πλείονος
1084 3201 1187 3278 μόντοι
1217 3192 1321 3258 ἕνεκεν
1348 3191 1528 3276 ἀσφαλείας

297 3317 351 3376 καί
373 3322 427 3376 τοῦ
448 3317 681 3400 περιαιρεθῆναι
702 3325 804 3377 πᾶσαν
828 3314 932 3386 ἁπλῶς
956 3318 1124 3400 πρόρασιν,
1154 3311 1218 3376 ὲπεί
1244 3313 1438 3396 διηγόρευται
1458 3321 1529 3384 τοῖς

297 3433 397 3502 θείοις
418 3435 474 3494 καί
496 3431 586 3515 ἱεροῖς
601 3436 727 3496 κανόσιν
751 3432 782 3496 ἐν
805 3437 848 3516 τῷ
869 3432 1029 3497 όκτεθόντι
1051 3429 1112 3515 όριρ
1138 3441 1193 3515 της
1220 3428 1312 3508 ἁγίας
1337 3433 1393 3492 καὶ
1414 3427 1528 3492 οίκυυ-

298 3558 425 3633 μενικης
453 3551 582 3614 συνόδου
607 3561 661 3636 τῆς
690 3549 722 3613 ὐν
744 3549 867 3636 Ἐρέσῳ
894 3547 972 3614 οότω
998 3552 1073 3634 πρός
1099 3552 1193 3624 λάξιν·
1223 3549 1445 3626 ,,συνελθόντες
1470 3545 1516 3634 ἐρ

297 3665 382 3752 ἡμῶν
406 3665 436 3730 οί
461 3664 680 3750 εὐλαβίοτατοι
706 3674 760 3733 καί
782 3671 1021 3755 θεοριλίστατοι
1049 3671 1211 3734 δπίσκυπυι
1233 3663 1439 3749 Οὐαλεριανὸς
1466 3673 1530 3731 καί

300 3785 503 3872 Ἀμφιλόχιυς
517 3791 573 3850 καί
594 3791 701 3872 σκέψιν
722 3791 891 3872 προθέντες
912 3791 1019 3874 κοινην
1040 3792 1109 3870 περί
1130 3798 1188 3850 τῶν
1211 3787 1385 3870 λεγομόνιεν
1403 3783 1435 3847 ὐν
1456 3797 1530 3858 ταῖς

299 3915 353 3990 της
376 3904 560 3990 Παμφυλίας
583 3911 687 3990 μίρεσι
701 3906 952 3972 Μεσσαλιανιτιίν
975 3907 1026 3970 εἴτ’
1044 3905 1096 3972 οὐν
1111 3903 1249 3991 Εὐχιτων
1271 3905 1367 3992 ἤγουν
1389 3903 1527 3969 Ἐνθου-

300 4035 432 4087 σιαστων
454 4024 513 4086 εἴτε
536 4024 673 4088 ὁπωσοῦν
695 4047 715 4110 η
739 4029 916 4112 μιαρωτάτη
938 4037 997 4089 τῶν
1025 4029 1296 4111 μνημονευθόντων
1325 4021 1440 4107 αἵρεσις
1462 4045 1527 4087 σα-

299 4145 476 4228 ρηνισθείη,
498 4141 585 4226 ἡμων
607 4141 641 4208 δὲ
668 4146 916 4209 διασκοπούντων
941 4147 1145 4230 προεκόμισεν
1172 4142 1189 4208 ό
1217 4141 1442 4224 εὐλαβίστατυς
1471 4146 1529 4206 καί

301 4263 541 4345 θεοφιλόστατος
564 4261 729 4335 ίπίσκοπος
752 4261 964 4347 Οὐαλεριανὸς
986 4267 1113 4348 χαρτίον
1141 4263 1302 4326 συνοδικόν
1323 4264 1390 4344 περί
1411 4261 1528 4324 τυότεεν

302 4377 409 4456 αὐτῶν,
433 4385 606 4464 συνταχθὲν
629 4381 660 4446 ἒν
683 4394 721 4468 τη
749 4385 871 4468 μεγάλη
893 4383 1211 4448 Κωνσταντινυυπόλει
1238 4379 1287 4446 λπί
1313 4389 1367 4444 τοῦ
1389 4389 1443 4463 είπ
1467 4401 1526 4462 με·

302 4501 401 4584 γάλης
433 4506 553 4585 μνήμης
581 4500 727 4577 Σισινίυο,
760 4504 777 4565 ό
804 4509 857 4566 καί
889 4501 1089 4580 ἀνα-γνωσθὲν
1116 4502 1163 4566 ἐπί
1196 4506 1328 4576 πάντων,
1360 4500 1466 4574 όδοξεν
1492 4495 1528 4562 εὐ
