3258 5282
283 257 345 318 424

283 441 390 504 τούτοο
412 436 585 524 ἀπιμελιίας
612 441 666 501 καί
691 446 745 523 της
772 435 820 501 ἐπί
846 439 881 501 τό
906 449 1041 521 κρεῖττον
1068 435 1255 518 βελτιώσεως
1280 439 1336 499 καί
1364 433 1508 518 ἐπαυξη-

283 580 376 634 στως,
396 560 472 640 πρὸς
493 559 528 620 δδ
549 567 764 640 προσκορώσαι
786 562 839 620 καί
860 556 1029 642 ἀφιερῶσαι
1050 561 1104 618 καὶ
1126 560 1163 618 τὰ
1184 560 1336 638 προσόντα
1351 549 1428 637 αύτη
1446 552 1509 635 ἀρ·

282 679 434 777 γαστηρια
464 678 540 759 πρός
565 676 636 738 τόδε
662 677 696 738 τό
724 677 896 758 μονόδριον,
923 672 988 758 ἥτις
1014 679 1069 736 καί
1096 673 1301 757 ὲπιλαβομόνη
1326 675 1434 736 τούτου
1466 667 1510 733 ού

283 795 375 876 μόνον
397 815 426 876 τι
447 803 505 856 τών
528 789 751 878 ύπησχημίνων
773 795 902 862 δεόντως
925 793 1104 867 ἐνεδείξατο,
1128 791 1285 854 ἀλλὰκαὶ
1307 801 1368 862 τοῖς
1383 798 1508 858 κακοῖς

282 911 416 994 δόγμασι
448 921 501 996 της
534 920 587 976 τού
613 911 766 995 Βαρλαοίμ
792 933 825 974 τε
858 915 912 974 καί
937 909 1114 976 Ἀκινδύνοο
1147 910 1408 993 σονδιαρθαρεῐσα
1440 910 1508 969 καί

282 1027 353 1092 ἀνθ’
376 1026 416 1093 ύν
440 1029 504 1092 δδει
525 1032 637 1114 ταύτην
662 1034 853 1113 καταρτίίιιν
880 1030 927 1093 ἐπὶ
954 1031 987 1091 τό
1015 1031 1131 1110 βέλτιον
1158 1032 1213 1099 τὰς
1239 1027 1270 1090 ἀν
1299 1027 1342 1107 τῷ
1368 1027 1508 1107 τοιούτῳ

282 1149 432 1232 μονοδρίφ
452 1146 646 1232 ἀσκοομίνας
675 1155 824 1232 μοναχάς,
853 1143 931 1232 αύτη
955 1149 1070 1230 μᾶλλον
1093 1147 1236 1211 τάναντία
1258 1145 1425 1227 εἰργάζετο,
1454 1145 1507 1213 είς

282 1269 396 1350 βόθρον
418 1271 551 1353 ψυχικῆς
573 1269 676 1351 λώβης
698 1265 734 1331 ού
754 1273 844 1352 μόνον
860 1269 979 1350 ἑαυτὴν,
1002 1265 1083 1330 ἀλλὰ
1098 1267 1152 1330 καί
1166 1269 1277 1336 ταύτας
1293 1264 1507 1334 ἀκοντίζοοσά

281 1407 313 1446 τι
334 1390 389 1448 καί
411 1384 634 1468 ἐπιρρίπτοοσα,
661 1387 830 1470 βοωλομίνη
854 1386 1037 1469 μεταδοῦναι
1064 1391 1118 1447 καί
1140 1395 1203 1456 ταῖς
1231 1381 1322 1461 ύγιώς
1350 1381 1507 1464 ἐχούσαις

282 1513 335 1586 τῆς
368 1505 584 1588 ψοχοβλαβούς
613 1507 724 1589 ταύτης
751 1507 858 1588 λύμης,
886 1507 962 1587 πρός
988 1505 1023 1588 ἣν
1049 1509 1104 1567 καί
1134 1503 1313 1587 είσηγησεσι
1344 1503 1508 1584 διαφόροις

280 1627 462 1707 χρησαμένη
489 1619 509 1708 ἡ
537 1621 695 1706 μετριότης
720 1620 806 1708 ἡμῶν
832 1628 931 1708 τρόπῳ
957 1624 1143 1707 οἰκονομίας,
1171 1619 1249 1684 ύστε
1264 1627 1506 1705 χειραγωγῆσαι

280 1741 392 1825 ταύτην
415 1739 459 1812 είς
481 1743 520 1803 τὰ
541 1750 595 1826 τῆς
617 1739 769 1826 ἀληθείας
784 1741 866 1826 ὀρθὰ
880 1747 934 1805 καί
950 1746 1084 1826 σωτηρια
1103 1742 1244 1824 δόγματα
1261 1745 1316 1802 καί
1339 1787 1411 1802 ....
1438 1736 1507 1800 &aa

280 1867 335 1922 τού
349 1867 482 1943 πονηρού
504 1861 610 1922 τούτου
631 1861 787 1943 δόγματος
807 1866 862 1932 καί
884 1863 1072 1944 μεταμαθεῖν
1095 1861 1148 1944 τὴν
1164 1857 1327 1944 ἀληθειαν,
1349 1856 1369 1943 ἡ
1391 1858 1508 1918 δὲκαὶ

280 1975 373 2048 αύθις
390 1952 544 2060 ἀνέμειναν
565 1988 628 2049 τοίς
650 1979 808 2053 τοιούτοις,
831 1976 960 2050 ἀνιάτως
983 1980 1101 2062 ύχοοσα
1120 1984 1174 2042 καί
1189 1979 1231 2062 μή
1246 1979 1410 2040 πεισθεῖσα
1432 1987 1506 2046 ταῖς

279 2097 458 2181 είσηγησεσι
478 2099 531 2158 καί
553 2109 619 2168 ταῖς
640 2097 857 2168 διδασκαλίαις
879 2107 933 2182 της
955 2107 1008 2160 τού
1029 2103 1107 2162 θεού
1130 2095 1221 2174 ἁγίας
1236 2096 1419 2178 ἐκκλησίας,
1443 2104 1504 2178 της

278 2224 444 2298 κανονικης
458 2226 517 2279 τών
532 2220 636 2300 ροχών
650 2215 795 2298 ἰατρείας,
811 2221 865 2278 καί
880 2219 931 2278 διὰ
946 2224 1034 2279 τούτο
1050 2213 1091 2287 ώς
1103 2217 1237 2298 σεσηπός
1248 2214 1342 2295 μίλος
1354 2211 1502 2296 ἀπεκόπη

216 2338 218 2341 ’
277 2337 332 2396 καί
347 2331 492 2418 ἀπελύθη
509 2332 568 2396 ἀπό
590 2343 643 2418 της
665 2343 718 2396 τού
741 2337 819 2397 θεού
841 2332 1019 2419 ἐκκλησίας,
1042 2339 1095 2396 καὶ
1110 2343 1164 2418 της
1179 2340 1233 2394 τού
1248 2333 1385 2394 τοιούτου
1400 2352 1503 2414 μονο-

278 2451 363 2533 δρίοο
378 2449 519 2535 ἀρορτίας
540 2450 594 2514 καί
608 2457 795 2534 προστασίας
816 2450 931 2535 ἐξίστη,
954 2451 996 2523 ώς
1017 2450 1071 2514 καὶ
1094 2451 1243 2535 μηδαρώς
1258 2449 1449 2512 λοσιτίλειαν
1465 2447 1502 2511 ἀν

278 2565 359 2649 αύτῷ
376 2567 575 2652 ἐργαίορύνη,
599 2573 675 2653 μήτε
698 2571 875 2654 σωματικὴν
892 2573 965 2654 μήτε
983 2572 1041 2654 μὴν
1056 2570 1189 2654 ψυχικὴν
1204 2565 1294 2637 ὅλως.
1316 2569 1425 2630 τούτου
1442 2563 1500 2630 σύν

278 2683 356 2748 ούτω
376 2691 644 2770 προχωρησαντος,
666 2685 776 2771 ἠξίωσε
798 2687 853 2750 καὶ
876 2686 1022 2773 ἀίητησεν
1045 2686 1061 2750 δ
1085 2687 1197 2756 οἰκεῖος
1218 2687 1260 2768 τῷ
1273 2690 1425 2767 κρατίστῳ
1442 2690 1501 2747 καί

284 2802 362 2886 ἁγίιρ
385 2825 443 2886 ροο
466 2801 676 2888 αύτοκροίτορι,
701 2805 733 2868 ἀν
756 2804 834 2889 ἁγίῳ
855 2809 1002 2889 πνεύματι
1024 2809 1230 2890 γνησιώτατος
1252 2803 1315 2872 οίύς
1336 2813 1391 2886 τῆς
1411 2801 1502 2886 ἡμῶν

280 2911 485 3005 μετριότητος,
507 2931 565 3006 κύρ
587 2921 724 2997 Ἀλύξιος
746 2921 762 2986 ό
786 2925 944 3008 Σοριανός,
961 2921 1017 2988 ύπύ
1033 2935 1086 3008 της
1102 2922 1228 3006 ἐνούσης
1248 2916 1329 3002 αὐτῷ
1346 2923 1500 3006 φιλοθίοο

278 3043 400 3123 γνώμης
432 3045 486 3102 καί
513 3039 638 3125 ἀγαθης
662 3045 867 3126 προαιρίσεως
893 3044 948 3125 την
974 3051 1027 3106 τού
1054 3044 1190 3106 τοιούτου
1217 3041 1381 3124 μσνοδρίοο
1403 3041 1499 3112 δόξα-

278 3161 356 3222 σθαι
371 3159 528 3242 ’δφορείαη
552 3162 696 3245 βούλησιν
718 3167 800 3225 κατὰ
822 3165 922 3247 ψοχήν
945 3160 1068 3245 ἀγαθὴν
1088 3165 1278 3244 κεκτημίνος
1291 3164 1346 3222 καί
1369 3165 1499 3245 τρύφων,

278 3275 356 3340 ὥστε
379 3280 430 3340 τόν
457 3276 563 3341 ἐνόντα
592 3284 700 3360 τρόπον
726 3278 808 3365 αύτῷ
832 3291 982 3364 συστῆσαι
1007 3287 1062 3342 καί
1090 3281 1265 3362 βτλτιώσαι·
1289 3277 1309 3362 ἡ
1337 3281 1500 3362 μετριότης

281 3393 375 3479 ἡμῶν,
398 3399 449 3459 τόν
472 3398 638 3482 θεοίρεστον
655 3394 747 3460 αύτού
770 3403 879 3481 τρόπον
901 3403 956 3462 καί
978 3400 1109 3483 θεοφιλῆ
1133 3400 1248 3461 σκοπόν
1271 3395 1499 3480 ἀποδεξαμίνη,

279 3520 334 3575 καί
348 3513 385 3576 δι’
402 3511 561 3598 ἀποδοχῆς
575 3511 622 3576 ὅτι
638 3516 771 3598 μάλιστα
785 3523 951 3600 ποιοομὲνη
966 3521 1020 3579 καί
1042 3521 1075 3579 τό
1099 3521 1136 3579 τὰ
1154 3523 1279 3577 τοιαῦτα
1295 3515 1499 3594 βελτιούσθαι

279 3635 333 3693 καί
355 3631 398 3702 είς
419 3635 453 3694 τό
478 3645 615 3715 κρεῖττον
641 3637 838 3716 προάγεσθαι
861 3640 914 3696 καί
940 3639 1120 3718 προκόπτειν
1146 3637 1229 3716 παρὰ
1255 3635 1411 3719 ρτλοθίων
1439 3631 1499 3695 ἀν-

282 3747 371 3829 δρών,
395 3757 643 3833 μνηστευομένων
665 3752 716 3813 διὰ
742 3753 853 3814 τούτων
881 3750 996 3823 ἑαοτοῑς
1019 3755 1072 3838 την
1095 3753 1227 3836 ψυχικὴν
1250 3759 1416 3838 σωτηρίαν,
1444 3753 1500 3836 τὴν

281 3867 385 3947 δίησιν
408 3862 500 3928 αὐτοῦ
521 3869 760 3952 προσδεξαμίνη,
782 3871 860 3932 πολύ
883 3873 916 3931 τό
934 3867 1059 3948 εύλογον
1076 3871 1221 3954 όχοοσαν,
1237 3874 1271 3933 τό
1296 3874 1393 3954 παρόν
1416 3869 1498 3935 ἀπο-

282 3984 356 4058 λύει,
379 3980 417 4044 δι’
440 3981 476 4046 οό
498 3986 536 4068 δη
559 3991 613 4048 καί
640 3984 671 4048 ὲν
699 3984 776 4069 ἁγίῳ
801 3988 1045 4070 παρακελεύεται
1071 3989 1230 4070 πνεύματι,
1258 3985 1299 4060 ύς
1327 3987 1364 4051 ἀν
1387 3988 1497 4052 ἀττιλα·

282 4103 373 4183 βησαν
395 4095 483 4171 ούτος
505 4111 557 4163 τού
581 4103 741 4186 εἰρημένου
764 4107 941 4188 μονοδρίοω,
969 4103 1010 4176 ώς
1033 4105 1094 4189 ἔχη
1122 4107 1174 4168 διὰ
1198 4109 1301 4192 πάσης
1328 4104 1422 4170 αύτού
1444 4115 1498 4188 τῆς

281 4225 360 4305 ζωῆς
382 4221 436 4303 την
458 4217 597 4310 ίρρριίαν
619 4227 673 4284 καί
695 4223 895 4308 διακρατησιν
918 4219 1022 4298 αύτού,
1044 4228 1099 4286 καί
1115 4227 1340 4310 μνημονεύηται
1362 4223 1395 4286 ἀν
1418 4220 1500 4305 αύτῷ

279 4340 389 4408 καθώς
400 4339 524 4420 κτητωρ
541 4335 776 4422 ἐπιμελούμενος
790 4347 844 4404 καί
860 4347 1022 4428 φροντίζων
1038 4348 1120 4406 κατὰ
1134 4347 1186 4406 τόν
1206 4343 1314 4406 ἐνόντα
1329 4337 1412 4425 αύτῷ
1426 4345 1496 4424 τρό-

280 4473 335 4516 πον
350 4457 519 4536 θεοίρεστον
542 4465 596 4540 της
618 4459 716 4541 καλῆς
730 4461 917 4546 διεξαγωγης
933 4467 986 4526 καί
1003 4465 1179 4534 σοστοίσεως
1194 4459 1288 4526 αὐτοῦ
1302 4467 1357 4526 καί
1379 4471 1434 4546 της
1449 4461 1497 4526 ἀεὶ
