3262 5276
333 295 395 358 282

333 479 394 540 δῶν
416 477 491 540 είσιν
513 473 717 561 εὑρισκόμενα
739 475 770 540 ἰν
792 478 833 558 τῷ
850 485 904 561 της
919 475 1068 562 Συριάνης
1090 475 1241 561 όσπητίιρ,
1264 475 1320 540 καὶ
1341 473 1463 560 ὅσαπερ
1486 496 1561 539 κατ·

332 601 425 680 ίσχεν
448 591 524 680 αδτη
544 593 611 658 ίδια
632 604 687 658 τού
710 591 790 671 οίού,
812 595 833 679 ἦ
855 597 889 658 δί
912 599 951 658 τό
973 597 1029 679 μίν
1051 593 1137 678 ίχειν
1159 595 1354 680 διωμολόγει,
1376 598 1416 658 τά
1435 595 1476 658 δύ
1499 591 1561 657 ἀντί

332 717 469 793 λεγάτων
504 713 699 800 ἀνδιαθηκως
734 717 984 802 καταλειφθῆναι
1019 713 1207 798 ίσχυρίζετσ,
1241 715 1319 797 πρὸς
1355 713 1410 784 ούς
1443 711 1564 784 δκείνος

333 834 492 917 ίβούλετυ,
518 839 587 916 περί
609 835 644 896 δί
666 844 724 898 τῶν
746 836 858 897 λοιπῶν
882 835 1034 919 μηδεμίαν
1062 832 1185 920 εἴδησιν]
1207 833 1301 918 ίχειν.
1330 829 1400 895 ἀλλ’
1423 831 1441 898 δ
1465 837 1565 916 μάτας

261 1035 264 1043 ¹
331 955 548 1038 διερμηνευτής
569 957 624 1015 καί
646 951 752 1036 ίτίραν
778 964 870 1016 κινῶν
898 952 1022 1038 ἀγωγὴν
1049 957 1236 1037 πρυσίθετυ,
1264 953 1307 1025 ἀς
1333 951 1352 1038 ἡ
1382 950 1566 1037 αύταδδλρη
1615 1015 1616 1032 γ

333 1082 387 1136 τού
409 1075 547 1136 τοιούτου
570 1072 786 1157 Ἀντιοχιίτοο,
809 1069 830 1156 ἡ
853 1071 1020 1150 Πελαγίνα,
1045 1072 1164 1157 ἔχουσα
1182 1083 1294 1155 προῖκα
1309 1069 1490 1156 ύεερεύριεν
1513 1093 1565 1154 χι·

332 1192 405 1254 λίαν
426 1193 680 1275 προετελεύτησεν
703 1189 796 1263 ἅπαις
818 1191 874 1255 καί
896 1189 1078 1267 ἀδιάθετος,
1105 1197 1160 1255 καί
1182 1203 1240 1256 τῶν
1261 1195 1451 1276 πραγμάτων
1476 1190 1566 1255 ἀντι·

332 1315 524 1395 στραφεντων
546 1312 666 1397 διίρερε
690 1313 732 1394 τῷ
752 1309 945 1396 Ἀντιυχείτη
972 1309 1014 1382 ὣς
1037 1309 1159 1398 ἀδελφῷ
1187 1313 1221 1373 τύ
1245 1309 1305 1374 ἀπό
1328 1321 1384 1396 της
1405 1313 1566 1395 κληρονο-
1615 1325 1616 1362 ῑ

332 1433 404 1511 μίας
427 1429 602 1510 ἐπιβάλλον,
623 1430 884 1514 πρυετελεύτησαν
907 1432 942 1492 δί
964 1427 1109 1500 ὡσαύτως
1127 1433 1183 1492 καί
1202 1428 1231 1491 οἱ
1251 1429 1377 1512 ἄρρενες
1391 1431 1448 1492 δύο
1464 1427 1566 1491 ἀδελ·
1615 1495 1616 1498 ς

331 1548 394 1630 ροί,
417 1545 542 1629 ίχυντες
564 1545 624 1608 ἀνά
646 1543 822 1630 ύπερπύρων
837 1553 1056 1623 πεντακοσίων,
1073 1545 1162 1610 ἅτινα
1183 1551 1238 1611 καὶ
1253 1543 1332 1610 αύτά
1347 1547 1442 1632 ἔσχεν
1463 1541 1485 1630 ἡ
1505 1548 1567 1628 μή·
1615 1581 1616 1584 “

224 1728 226 1732 ,
330 1685 402 1750 τηρ,
423 1665 532 1737 ,ίπειτα
559 1667 818 1750 προετελεύτησεν
845 1666 1014 1738 ἀδιάθετος
1039 1671 1094 1730 καί
1119 1663 1139 1750 ἡ
1169 1665 1243 1740 ἀίυξ
1269 1663 1448 1752 αύταδόλφη
1476 1666 1566 1728 ἐκεί·
1615 1663 1616 1684 ί

330 1806 394 1861 νου,
418 1783 539 1867 ίχουσα
559 1783 692 1868 κάκείνη
714 1789 872 1869 ποσότητα
894 1782 1069 1870 ύπερπύρων
1090 1787 1208 1869 χιλίων,
1232 1787 1283 1847 τόν
1299 1781 1406 1866 ὅμοιον
1429 1785 1465 1847 δί
1488 1789 1566 1867 τρό-

329 1925 386 1968 πον
407 1899 682 1990 πρυτελευτησασα
704 1903 759 1966 καί
779 1900 799 1987 ἡ
822 1903 914 1989 ἀτέρα
939 1902 1118 1990 αύταδέλφη
1148 1905 1268 1968 ἐκείνου
1294 1907 1333 1989 δὴ
1361 1913 1415 1968 τού
1438 1903 1566 1969 Ἀντιο-

329 2020 487 2109 χείτου,ἡ
515 2033 568 2087 τού
590 2021 783 2106 Μερκουρίου
810 2025 952 2108 δηλονότι
979 2027 1068 2108 γυνη,
1095 2025 1257 2086 κατέλιπεν
1285 2025 1395 2106 δκείνιρ
1418 2025 1566 2102 λεγάτον,

329 2139 403 2205 ὅσον
426 2141 457 2205 ἀν
480 2153 518 2226 τη
541 2144 683 2226 διαθήκη
706 2143 975 2226 περιλαμβάντται,
998 2148 1051 2205 καί
1076 2141 1198 2205 ἀπαιτεῖ
1219 2143 1271 2204 διὰ
1294 2151 1391 2206 ταύτα
1414 2141 1432 2207 ό
1454 2145 1565 2228 δηλω·

331 2261 401 2330 θείς
423 2264 520 2342 μίγας
543 2262 759 2344 διερμηνευτής
783 2264 860 2344 μετὰ
882 2271 940 2323 τῶν
963 2261 1075 2325 λοιπῶν
1097 2261 1226 2323 δικαίων
1249 2258 1286 2322 ύκ
1307 2269 1363 2344 της
1386 2258 1562 2345 ἀδελφικης
1615 2279 1616 2282 ’

331 2381 443 2462 ταύτης
466 2379 594 2461 νομίμου
616 2381 826 2464 κληρονομίας
848 2384 902 2442 καὶ
930 2379 1019 2446 τούτο
1046 2381 1083 2464 δη
1111 2382 1145 2442 τό
1172 2380 1313 2457 λεγάτον.
1341 2381 1455 2442 τούτων
1479 2375 1562 2441 οὕτω

329 2494 399 2581 παρ’
423 2495 571 2580 ἕκατίρυυ
594 2502 704 2581 μίμους
726 2499 902 2581 λεχθέντων
924 2503 979 2561 καί
997 2499 1145 2582 πλείστης
1168 2496 1342 2581 ἁψιμαχίας
1362 2498 1477 2580 μεταξύ
1501 2495 1560 2560 αύ-

331 2628 389 2680 τῶν
417 2621 582 2701 γενομίνης
609 2619 790 2695 διέγνωσται
816 2628 854 2701 τη
881 2614 966 2702 ἡμῶν
994 2621 1167 2700 μετριότητι
1196 2621 1251 2679 καί
1279 2627 1341 2687 τοῖς
1368 2621 1437 2699 περί
1465 2615 1560 2699 αύτην

330 2735 505 2819 ἱερωτάτοις
528 2735 722 2821 ἀρχιερεῦσι,
749 2735 790 2816 τῷ
815 2737 1061 2820 Θεσσαλονίκης,
1085 2737 1126 2817 τῷ
1149 2734 1300 2808 Κυζίκου,
1328 2738 1370 2818 τῷ
1389 2735 1561 2819 Μονεμβα-

297 2855 302 2862 ’
330 2857 412 2930 σίας,
435 2853 477 2938 τῷ
498 2855 769 2938 Ποντοηρακλείας
791 2837 845 2918 καί
867 2855 909 2938 τῷ
923 2854 1046 2938 Πηγῶν,
1069 2851 1120 2916 ἵνα
1141 2851 1161 2938 η
1183 2858 1251 2936 περί
1273 2863 1332 2916 τῶν
1353 2853 1560 2938 δηλωθέντων

328 2971 399 3036 υἱῶν
426 2983 480 3058 της
507 2973 761 3056 Ξανθοπουλίνης
788 2984 929 3051 γεγονυῖα
957 2973 1110 3058 όγγραρος
1136 2969 1243 3058 ύρεσις
1269 2983 1324 3056 της
1353 2976 1483 3056 προικός
1512 2972 1560 3056 εἴη

329 3090 583 3177 ἀνατετραμμόνη
606 3097 660 3155 καί
682 3093 930 3176 καταλελυμίνη,
960 3089 1025 3154 ἐπεὶ
1048 3093 1089 3175 μή
1117 3091 1264 3168 ἐγίνωσκε
1293 3096 1375 3154 κατά
1403 3097 1455 3154 τόν
1481 3091 1559 3157 ἀνα-

328 3215 538 3295 γεγραμμένον
561 3215 670 3294 τρόπον
692 3208 749 3295 ἥδε
770 3207 1043 3295 ἡΞανθοπυυλίνα
1064 3215 1132 3293 περί
1153 3211 1271 3284 τούτου,
1295 3205 1315 3293 ἡ
1338 3215 1392 3273 καί
1415 3209 1477 3274 ἀπό
1502 3223 1560 3277 τῶν
1581 3284 1583 3287 ,
1607 3299 1609 3302 ¹

327 3331 513 3416 ριλευσεβῶν
536 3335 636 3414 νόμιον
658 3331 884 3415 δτδικαιωμίνη
907 3330 955 3394 ἐπί
970 3343 1007 3416 τη
1023 3341 1076 3415 της
1093 3329 1221 3415 όγγόνης
1235 3332 1440 3414 κληρονομία,
1464 3337 1557 3415 στίρ·

328 3469 418 3526 γεται
439 3450 488 3525 δί,
516 3446 558 3520 όνς
580 3449 694 3531 ταύτης
718 3447 949 3533 ἀναιρουμίνης,
977 3453 1032 3511 καί
1052 3446 1071 3533 ἡ
1097 3449 1238 3533 ἀρχῆθεν
1260 3453 1394 3533 ποσότης
1421 3461 1480 3512 τῶν
1504 3461 1558 3536 της

327 3571 454 3650 προικός
469 3561 650 3649 ’ύπερπύρων
673 3566 704 3628 ω’
731 3571 785 3629 καί
813 3565 873 3630 ὅσα
900 3573 954 3651 μὲν
984 3567 1163 3654 ἀναρανῶσι
1190 3573 1257 3652 περί
1279 3579 1316 3654 τῇ
1339 3567 1472 3654 Συριοίνη
1497 3569 1557 3638 ἀπό

328 3695 387 3748 τῶν
409 3689 598 3769 ραινομίνων
621 3684 709 3746 εἰδῶν
732 3695 785 3768 της
806 3688 948 3766 προικός,
976 3689 1087 3758 καθύς
1112 3690 1166 3749 καί
1194 3683 1269 3770 αύτή
1299 3687 1467 3760 σονοδικῶς
1490 3709 1558 3751 τινα

328 3800 388 3866 ἀπό
412 3806 523 3866 τούτων
546 3804 792 3888 διωμολόγησεν,
820 3801 988 3890 δρτίλουσα
1009 3803 1074 3889 μετ’
1099 3804 1272 3892 ἀσφαλείας
1299 3815 1352 3888 της
1374 3811 1554 3891 προσηκού-

327 3943 385 4005 σης
416 3920 612 4006 ἀνακαλύψαι
638 3928 695 3989 καί,
726 3919 786 3984 ὅσα
815 3921 908 4006 ύτερά
936 3923 994 3994 εἰσι
1016 3923 1085 4006 παρ’
1120 3923 1198 4006 αύτῃ
1230 3933 1367 4000 τοιαῦτα,
1395 3925 1555 4010 δεχθῶσιν

328 4039 372 4112 είς
395 4041 448 4124 την
470 4041 613 4123 τοιαύτην
635 4043 802 4123 ποσότητα,
827 4039 908 4104 ἀλλά
931 4043 968 4126 δὴ
991 4047 1046 4104 καί
1067 4047 1106 4106 τά
1129 4040 1192 4125 μετ’
1216 4039 1370 4128 ἀληθείας
1393 4041 1554 4129 ἀναφανη-

327 4162 443 4240 σόμενα
463 4157 528 4219 ίδια
552 4165 605 4219 τού
632 4157 846 4242 Ἀντιοχείτυυ,
871 4161 916 4222 ἔτι
938 4183 969 4224 τε
997 4165 1049 4223 καί
1072 4184 1092 4244 η
1120 4159 1313 4238 ἐπιγεγονυῖα
1338 4160 1407 4244 παρ’
1435 4161 1553 4226 ἑκείνου

330 4277 493 4358 βτλτίωσιςΙ
512 4274 561 4338 δπί
583 4289 645 4348 τοῖς
668 4278 844 4363 οἰκήμασιν,
868 4277 910 4350 ὣς
934 4281 1119 4363 δεδήλωται,
1142 4283 1196 4342 καί
1218 4285 1256 4343 τά
1280 4280 1339 4344 ἀπό
1362 4291 1421 4344 τῶν
1443 4283 1552 4367 διαφε-

326 4399 438 4478 ρόντων
461 4395 569 4478 όκείνιρ
593 4393 766 4480 ἀδελφικῶν
788 4399 1021 4482 κληρονομικῶν
1043 4399 1170 4462 δικαίων
1193 4405 1248 4462 καί
1276 4404 1314 4463 τὰ
1341 4409 1394 4485 της
1418 4399 1552 4486 ἀδιληης

326 4517 380 4576 καί
403 4525 461 4578 τῶν
484 4513 615 4598 ἀρρίνων
637 4516 692 4578 δύο
716 4513 856 4600 ἀδελφῶν
880 4524 937 4579 τῶν
961 4514 1089 4594 ἀζύγων,
1114 4517 1219 4602 ἐπειδὴ
1241 4523 1323 4583 κατὰ
1347 4521 1399 4602 τὴν
1420 4529 1479 4582 τῶν
1496 4487 1550 4584 σύ·-
