3262 5276
1267 307 1329 370 327

101 485 178 572 μηδ’
195 485 255 554 ἀπύ
270 489 419 574 λειράνιεν
442 498 516 567 γούν
531 489 616 574 ἔχειν
639 492 853 573 γνωρίζεσθαι,
876 487 1048 554 κάντεῦθεν
1070 491 1149 574 μηδὲ
1172 494 1328 574 καταντή·

100 625 202 688 ματος
224 603 358 690 εύποριῖν
379 603 472 670 ύδεδ
499 604 661 688 ἱερώτατος
687 607 913 691 μητροπολίτης
936 607 1081 670 Παλαιιῖν
1105 605 1247 689 Πατρῶν,
1274 611 1329 670 καὶ

100 725 180 808 τῇδε
201 723 328 789 κάκεῖσε
351 735 537 808 μεταχωρεῖν
560 724 652 800 ίστιν,
675 721 870 821 ύροριύμενος
884 730 939 788 καί
955 728 1006 788 τὸν
1023 723 1230 809 ἀπηρτημίνον
1246 722 1328 808 αύτῷ

100 841 182 906 καθ’
204 842 339 928 ἑκάστην
361 844 475 927 σχιδύν
497 839 555 907 ύπύ
577 853 631 929 της
658 827 828 916 ἀπιθίσεοις
856 854 914 906 τῶν
942 843 1067 928 ἀχθριῖν
1092 846 1247 919 κίνδονον,
1275 850 1331 908 καί

99 959 157 1023 διὰ
179 969 269 1026 τοῦτο
290 959 430 1046 ητὴσατο
451 963 506 1045 την
527 961 613 1047 ἡμῶν
636 965 829 1046 μετριότητα,
851 959 902 1026 ἵνα
924 958 943 1047 ἡ
963 966 1045 1026 κατὰ
1060 963 1114 1046 την
1130 961 1330 1046 Πελοπόννη-

100 1099 159 1142 σον
182 1079 362 1164 διακειμένη
385 1081 543 1162 σεβασμίπ
565 1081 653 1163 μονὴ,
675 1077 695 1164 ἡ
719 1078 762 1151 εἰς
784 1077 884 1162 ὄνομα
905 1085 1060 1164 τιμοιμίνη
1083 1091 1137 1163 της
1160 1077 1331 1162 ύπεράγνοο

100 1197 269 1281 δεσποίνης
290 1203 344 1260 καί
365 1200 560 1283 θεομήτορος
581 1202 635 1260 καί
657 1195 904 1282 ἐπικεκλημίνης
920 1197 1184 1282 Σπηλαιιοτίσσης,
1208 1211 1246 1282 πη
1268 1219 1329 1260 πα-

100 1325 267 1398 τριαρχικῇ
288 1326 424 1401 περιωπῇ
446 1319 500 1378 καί
522 1314 678 1400 ἐπισκίψει
701 1315 823 1380 ἄνωθεν
846 1312 1046 1399 ὑποκειμένη,
1070 1316 1154 1398 δοθη
1174 1319 1249 1399 πρὸς
1272 1313 1330 1378 αύ-

99 1435 155 1496 πόν
178 1430 224 1520 ἀρ’
247 1430 308 1516 ύριρ
330 1443 384 1517 της
407 1438 486 1518 ζαης
509 1429 602 1498 αύτού
623 1439 706 1498 κατὰ
733 1435 826 1510 λύγον
853 1431 1074 1518 ἡγούμενιίας,
1100 1438 1189 1498 καθά
1218 1435 1255 1518 δὴ
1279 1433 1331 1498 δν-

101 1551 210 1614 ταύθα
231 1554 314 1614 κατὰ
336 1551 390 1634 τὴν
411 1551 630 1626 θεοδύξαστον,
653 1551 868 1636 θεορύλακιον
890 1555 945 1615 καί
967 1552 1218 1634 θιομεγάλοντον
1239 1549 1332 1615 Καν-

99 1670 349 1732 σταντινούτολιν
379 1667 552 1732 ίκδιδονιαι
583 1681 645 1740 τοῖς
675 1667 853 1753 ἀρχιερεῦσι
885 1673 1076 1754 μονασεηρια
1109 1667 1331 1754 ηγοομενικιῖς,

100 1782 182 1848 ὅστε
204 1787 256 1848 τόν
279 1783 372 1850 αύτύν
393 1785 556 1868 ἱερώτατον
579 1788 804 1871 μητροπολίτην
819 1787 965 1864 Παλαιϊον
986 1773 1114 1870 Πατρῶν
1136 1791 1191 1851 καί
1213 1807 1332 1850 καταν-

100 1908 240 1988 τηματος
263 1902 398 1987 εύπορεῖν
424 1909 479 1968 καί
505 1915 559 1990 της
580 1909 799 1992 προσηκούσης
827 1896 996 1989 εὐκοσμίας
1018 1911 1073 1971 καί
1098 1909 1265 1993 θεοφιλοῦς
1292 1906 1331 1970 ἀ-

100 2031 206 2106 γιεγης
234 2021 450 2106 ἀπιμελεῐσθαι
477 2035 535 2088 τῶν
562 2023 593 2088 ἀν
622 2037 660 2110 τη
687 2027 814 2109 τοιαύτη
842 2027 998 2110 σεβασμία
1026 2038 1104 2110 μονῇ
1132 2025 1332 2109 ἀσκοομίνιιν

101 2151 263 2224 μοναχῶν,
292 2138 497 2228 ἡμετριύτης
519 2141 606 2227 ἡμῶν
632 2137 761 2222 εύλογον
783 2147 838 2228 τήν
861 2145 981 2229 αἴτησιν
1008 2147 1121 2230 ταύτην
1147 2143 1331 2230 ἡγησαμίνη

99 2262 155 2324 καί
175 2258 324 2342 κρίνασα,
351 2262 386 2322 τί
412 2263 509 2344 παρύν
536 2259 665 2326 ἀπολύει
694 2262 886 2338 σιγιλλιΐοδις
913 2265 1053 2345 γράμμα,
1082 2259 1120 2325 δι’
1148 2257 1183 2324 ού
1211 2263 1249 2345 δη
1277 2265 1332 2324 καί

102 2375 251 2440 ἀκδίδεισι
275 2381 350 2461 πρὸς
376 2381 427 2442 τύν
459 2377 549 2444 αύτύν
582 2379 744 2464 ἱερύτατον
776 2380 1002 2464 μητροπολίτην
1029 2379 1176 2444 Παλαιύν
1203 2379 1332 2462 Πατρῶν

101 2493 314 2580 ηγοομενικύς
340 2500 393 2582 την
408 2493 570 2582 ῥηθεῖσαν
597 2483 769 2582 σεβασμίαν
795 2502 1019 2582 πατριαρχικὴν
1047 2501 1140 2608 μονὴν
1167 2508 1220 2560 τού
1244 2499 1330 2582 Σπη·

101 2616 192 2678 λαίοο
220 2614 266 2702 ἀρ’
294 2613 355 2700 ύριρ
386 2627 440 2701 τῆς
473 2622 552 2702 ζωῆς
579 2614 672 2681 αύτού
706 2622 783 2700 μετὰ
813 2621 932 2680 πάντων
963 2629 1020 2680 τῶν
1047 2621 1221 2700 προσύντοιν
1252 2615 1331 2700 αύτη

101 2737 270 2817 κτημάτεεν
291 2739 346 2798 καί
371 2738 560 2818 πραγμάτιον
583 2739 638 2798 καί
663 2736 776 2798 λοιπῶν
803 2737 931 2798 δικαίων
958 2740 1012 2798 καί
1038 2740 1224 2818 προνομίαν,
1253 2731 1331 2796 ὥστε

102 2857 156 2914 καὶ
179 2851 265 2936 ἔχειν
288 2851 319 2915 ἀν
342 2849 421 2938 αύεη
442 2857 626 2938 κατάντημα
648 2853 700 2916 διὰ
722 2853 776 2937 την
799 2853 917 2916 οίκείαν
940 2851 1050 2916 ἓαοτού
1074 2851 1261 2936 ἀσφάλειαν,
1289 2849 1331 2922 ύς

103 2968 231 3052 εἴρηται.
255 2965 334 3032 ούτιι
356 2973 390 3034 δί
414 2973 698 3056 παρακελευόμεθα
720 2975 759 3034 τά
779 2975 847 3054 περί
863 2972 980 3045 τούτου,
1002 2969 1054 3034 ’ίνα
1076 2967 1112 3033 ού
1136 2974 1228 3054 μόνον
1250 2971 1332 3030 κατὰ

102 3089 223 3171 μηδένα
246 3087 355 3170 τρόπον
379 3090 439 3172 ἔχη
464 3086 552 3162 ούτος
575 3088 620 3154 ἀπ’
644 3087 753 3160 ἀδείας
774 3093 848 3152 ποτὲ
874 3087 915 3160 ὣς
938 3087 1056 3160 οἰκείας
1079 3097 1134 3171 της
1157 3097 1251 3172 μονῆς
1276 3085 1331 3149 ἀν·

102 3208 328 3288 τιποιήσασθαι
354 3211 408 3269 καὶ
438 3207 617 3270 ἀποσπάσαι
644 3203 737 3290 ταύτην
765 3215 818 3268 τού
844 3215 1067 3289 πατριαρχικού
1096 3200 1220 3288 μίροος,
1250 3204 1331 3266 ἀλλὰ

100 3327 156 3384 καί
179 3320 316 3404 ἀποδιδῷ
340 3328 373 3400 τὸ
396 3346 428 3387 τε
452 3303 567 3409 ἀνῖγιον
590 3323 711 3388 ἄνωθεν
732 3327 896 3387 κανονικὸν
919 3329 974 3386 καί
997 3324 1073 3386 εἴτι
1096 3323 1173 3386 ἀλλο
1197 3321 1260 3384 ἔστί
1280 3343 1330 3382 τι-

101 3447 253 3526 ταγμίνον
276 3441 484 3506 ἀποδίδοσθαι
505 3447 589 3526 παρὰ
621 3452 675 3526 τῆς
698 3452 793 3527 μονῆς
820 3453 858 3526 τη
884 3439 961 3504 καθ’
987 3438 1071 3526 ἡμᾶς
1099 3439 1255 3522 ἁγιωτάτῃ
1278 3447 1331 3501 τού

103 3565 182 3626 θεού
206 3563 329 3645 μεγάλη
352 3559 518 3646 ἀκκλησίη,
542 3560 679 3645 ἀποδιδῷ
693 3563 727 3624 δί
744 3569 832 3624 τούτο
850 3559 909 3623 ἀπὸ
926 3568 979 3622 τού
995 3558 1198 3642 ἐλεοσομίνοο
1220 3577 1329 3620 σεπτε-

103 3681 189 3762 βρίοο
209 3681 262 3742 σύν
286 3682 354 3762 θεῷ
375 3689 430 3765 τῆς
453 3679 574 3764 ὀγδόης·
590 3680 798 3753 ίνδιιιτιιύνος,
821 3676 937 3764 δρείλιι
963 3683 1066 3760 μίντοι
1086 3679 1331 3759 ’προηγουμένοις

103 3799 250 3880 φροντίδα
270 3802 439 3876 ποιεῖσθαι,
455 3795 536 3869 ὅπως
559 3795 596 3860 ἀν
619 3798 648 3860 οἱ
670 3796 892 3881 ἀνασκούμενοι
914 3793 993 3880 αύτη
1016 3799 1149 3878 μοναχοί
1172 3795 1330 3876 διαγωγῆς

104 3914 158 3978 καὶ
171 3919 326 3988 πολιτείας
343 3916 551 3991 ἀντικοιοῖντο,
579 3927 728 3999 μοναχοῖς
751 3914 879 3996 ἀνδράσι
900 3915 1187 3996 προσαρμοζούσης,
1211 3916 1266 3973 καί
1289 3908 1332 3981 ύς

106 4031 326 4118 ἐπηγγείλαντο
348 4038 430 4118 θειρ,
454 4035 704 4121 ἀναστρέφοιντο,
733 4034 838 4097 δπειτα
860 4035 1017 4094 καὶκατὰ
1040 4035 1074 4094 τύ
1102 4033 1229 4094 δοναιύν
1252 4027 1335 4112 αὐτῷ

105 4157 156 4218 καί
177 4159 217 4219 εύι
240 4151 287 4218 ύπ“
309 4151 404 4238 αὐτὴν
425 4157 569 4239 κτήματα
595 4158 650 4216 καί
671 4157 837 4236 πράγματα
864 4153 1030 4232 βελτιοῖντο
1056 4154 1111 4212 καί
1139 4151 1329 4221 δπαύξοιντο,

108 4273 147 4346 ίες
168 4277 261 4352 λύγον
285 4273 452 4338 ἀποδώσειν
475 4271 549 4358 ύπίρ
572 4275 684 4336 τούειιν
711 4275 790 4354 θεῷ,
817 4269 1000 4356 δρειλύντιον
1027 4273 1081 4332 καὶ
1109 4280 1166 4332 τῶν
1194 4266 1226 4330 δν
1254 4263 1332 4351 αύτη

108 4403 248 4478 μονσχιῑιν
271 4393 323 4455 διὰ
343 4393 446 4476 πάσης
469 4391 576 4464 αὶδούς
598 4395 653 4454 καί
675 4398 763 4474 τιμης
791 4389 877 4472 ἔχειν
906 4385 998 4451 αύτύν
1024 4387 1062 4472 δὴ
1090 4390 1141 4449 τύν
1168 4384 1332 4466 ἱερώτατον

107 4511 326 4595 μητροπολίτην
347 4515 401 4574 καί
425 4506 558 4574 ύπείκειν
584 4483 680 4592 τούτλρ
702 4507 757 4572 καὶ
779 4511 961 4592 πειθαρχεῖν
984 4509 1038 4570 καί
1059 4509 1097 4570 τά
1118 4507 1201 4587 παρὰ
1222 4505 1332 4568 τούτοο
