<?xml version="1.0" encoding="UTF-8"?>
<!DOCTYPE html PUBLIC "-//W3C//DTD XHTML 1.0 Transitional//EN"
    "http://www.w3.org/TR/xhtml1/DTD/xhtml1-transitional.dtd">
<html xmlns="http://www.w3.org/1999/xhtml" xml:lang="en" lang="en">
 <head>
  <title>
</title>
<meta http-equiv="Content-Type" content="text/html;charset=utf-8" />
  <meta name='ocr-system' content='tesseract 3.04.00' />
  <meta name='ocr-capabilities' content='ocr_page ocr_carea ocr_par ocr_line ocrx_word'/>
</head>
<body>
  <div class='ocr_page' id='page_1' title='image "./actaetdiplomata01miklgoog_0477.png"; bbox 0 0 3258 5282; ppageno 0'>
   <div class='ocr_carea' id='block_1_1' title="bbox 299 299 363 360">
    <p class='ocr_par' dir='ltr' id='par_1_1' title="bbox 299 299 363 360">
     <span class='ocr_line' id='line_1_1' title="bbox 299 299 363 360; baseline 0 0"><span class='ocrx_word' id='word_1_1' title='bbox 299 299 363 360; x_wconf 69' lang='lat'><strong>428</strong></span> 
     </span>
    </p>
   </div>
   <div class='ocr_carea' id='block_1_2' title="bbox 299 471 1611 920">
    <p class='ocr_par' dir='ltr' id='par_1_2' title="bbox 299 471 1611 924">
     <span class='ocr_line' id='line_1_2' title="bbox 300 471 1520 566; baseline -0.007 -22"><span class='ocrx_word' id='word_1_2' title='bbox 300 485 443 566; x_wconf 86' lang='grc' dir='ltr'><strong>τριότητι,</strong></span> <span class='ocrx_word' id='word_1_3' title='bbox 475 481 577 544; x_wconf 85' lang='grc' dir='ltr'><strong>πολλά</strong></span> <span class='ocrx_word' id='word_1_4' title='bbox 603 491 660 544; x_wconf 73' lang='grc' dir='ltr'><strong>τόν</strong></span> <span class='ocrx_word' id='word_1_5' title='bbox 685 478 892 544; x_wconf 82' lang='grc' dir='ltr'><strong>άκανονίστων</strong></span> <span class='ocrx_word' id='word_1_6' title='bbox 925 477 1103 563; x_wconf 78' lang='grc' dir='ltr'><strong>εἰργάσατο·</strong></span> <span class='ocrx_word' id='word_1_7' title='bbox 1135 477 1280 542; x_wconf 75' lang='grc' dir='ltr'><strong>άπελύιίν</strong></span> <span class='ocrx_word' id='word_1_8' title='bbox 1313 480 1374 560; x_wconf 86' lang='grc' dir='ltr'><strong>γάρ</strong></span> <span class='ocrx_word' id='word_1_9' title='bbox 1406 471 1454 548; x_wconf 78' lang='grc' dir='ltr'><strong>εἰς</strong></span> <span class='ocrx_word' id='word_1_10' title='bbox 1486 473 1520 537; x_wconf 85' lang='grc' dir='ltr'><strong>τό</strong></span> 
     </span>
     <span class='ocr_line' id='line_1_3' title="bbox 299 594 1611 684; baseline -0.007 -20"><span class='ocrx_word' id='word_1_11' title='bbox 299 599 419 682; x_wconf 82' lang='grc' dir='ltr'><strong>Κύεβον</strong></span> <span class='ocrx_word' id='word_1_12' title='bbox 452 599 613 684; x_wconf 80' lang='grc' dir='ltr'><strong>όμετόχυς</strong></span> <span class='ocrx_word' id='word_1_13' title='bbox 646 598 840 684; x_wconf 70' lang='grc' dir='ltr'><strong>ἱερούργησεν</strong></span> <span class='ocrx_word' id='word_1_14' title='bbox 862 597 893 660; x_wconf 79' lang='grc' dir='ltr'><strong>έν</strong></span> <span class='ocrx_word' id='word_1_15' title='bbox 916 594 999 680; x_wconf 81' lang='grc' dir='ltr'><strong>αύτηῐ</strong></span> <span class='ocrx_word' id='word_1_16' title='bbox 1030 601 1084 660; x_wconf 87' lang='grc' dir='ltr'><strong>καί</strong></span> <span class='ocrx_word' id='word_1_17' title='bbox 1110 601 1301 682; x_wconf 88' lang='grc' dir='ltr'><strong>χειροτονίας</strong></span> <span class='ocrx_word' id='word_1_18' title='bbox 1323 594 1520 678; x_wconf 70' lang='grc' dir='ltr'><strong>διεπράξατο,</strong></span> <span class='ocrx_word' id='word_1_19' title='bbox 1610 651 1611 680; x_wconf 59' lang='grc'><strong>,</strong></span> 
     </span>
     <span class='ocr_line' id='line_1_4' title="bbox 299 712 1520 802; baseline -0.004 -22"><span class='ocrx_word' id='word_1_20' title='bbox 299 724 354 780; x_wconf 86' lang='grc' dir='ltr'><strong>καί</strong></span> <span class='ocrx_word' id='word_1_21' title='bbox 376 716 484 781; x_wconf 73' lang='grc' dir='ltr'><strong>ἑαυτόν</strong></span> <span class='ocrx_word' id='word_1_22' title='bbox 505 717 627 798; x_wconf 83' lang='grc' dir='ltr'><strong>Κοέβου</strong></span> <span class='ocrx_word' id='word_1_23' title='bbox 649 723 703 780; x_wconf 86' lang='grc' dir='ltr'><strong>καί</strong></span> <span class='ocrx_word' id='word_1_24' title='bbox 723 721 823 802; x_wconf 84' lang='grc' dir='ltr'><strong>πάσης</strong></span> <span class='ocrx_word' id='word_1_25' title='bbox 837 715 966 789; x_wconf 87' lang='grc' dir='ltr'><strong>Ῥωσίας</strong></span> <span class='ocrx_word' id='word_1_26' title='bbox 987 719 1161 781; x_wconf 73' lang='grc' dir='ltr'><strong>καθολικόν</strong></span> <span class='ocrx_word' id='word_1_27' title='bbox 1177 717 1402 802; x_wconf 90' lang='grc' dir='ltr'><strong>μητροπολίτην</strong></span> <span class='ocrx_word' id='word_1_28' title='bbox 1418 712 1520 783; x_wconf 65' lang='lat' dir='ltr'><strong>&amp;me</strong></span> 
     </span>
     <span class='ocr_line' id='line_1_5' title="bbox 300 834 1522 920; baseline -0.004 -22"><span class='ocrx_word' id='word_1_29' title='bbox 300 834 459 920; x_wconf 83' lang='grc' dir='ltr'><strong>ύνομάξει,</strong></span> <span class='ocrx_word' id='word_1_30' title='bbox 493 834 566 920; x_wconf 85' lang='grc' dir='ltr'><strong>ύπιρ</strong></span> <span class='ocrx_word' id='word_1_31' title='bbox 591 839 774 920; x_wconf 81' lang='grc' dir='ltr'><strong>προεξίνησε</strong></span> <span class='ocrx_word' id='word_1_32' title='bbox 802 838 948 920; x_wconf 88' lang='grc' dir='ltr'><strong>σύγχυσιν</strong></span> <span class='ocrx_word' id='word_1_33' title='bbox 975 841 1029 899; x_wconf 91' lang='grc' dir='ltr'><strong>καί</strong></span> <span class='ocrx_word' id='word_1_34' title='bbox 1055 839 1194 920; x_wconf 78' lang='grc' dir='ltr'><strong>ταραχὴν</strong></span> <span class='ocrx_word' id='word_1_35' title='bbox 1223 846 1261 919; x_wconf 76' lang='grc' dir='ltr'><strong>τῇ</strong></span> <span class='ocrx_word' id='word_1_36' title='bbox 1295 834 1435 918; x_wconf 77' lang='grc' dir='ltr'><strong>έπαρχίιρ</strong></span> <span class='ocrx_word' id='word_1_37' title='bbox 1468 839 1522 903; x_wconf 83' lang='grc' dir='ltr'><strong>τού</strong></span> 
     </span>
    </p>
   </div>
   <div class='ocr_carea' id='block_1_3' title="bbox 301 953 1611 1038">
    <p class='ocr_par' dir='ltr' id='par_1_3' title="bbox 301 953 1611 1038">
     <span class='ocr_line' id='line_1_6' title="bbox 301 953 1611 1038; baseline -0.007 -22"><span class='ocrx_word' id='word_1_38' title='bbox 301 953 463 1037; x_wconf 86' lang='grc' dir='ltr'><strong>ίεριετάτου</strong></span> <span class='ocrx_word' id='word_1_39' title='bbox 490 957 712 1038; x_wconf 88' lang='grc' dir='ltr'><strong>μητροπολίτου</strong></span> <span class='ocrx_word' id='word_1_40' title='bbox 734 953 855 1035; x_wconf 80' lang='grc' dir='ltr'><strong>Κυέβσυ</strong></span> <span class='ocrx_word' id='word_1_41' title='bbox 880 959 934 1017; x_wconf 88' lang='grc' dir='ltr'><strong>καί</strong></span> <span class='ocrx_word' id='word_1_42' title='bbox 958 957 1060 1038; x_wconf 89' lang='grc' dir='ltr'><strong>πάσης</strong></span> <span class='ocrx_word' id='word_1_43' title='bbox 1086 954 1223 1026; x_wconf 84' lang='grc' dir='ltr'><strong>Ῥωσίας,</strong></span> <span class='ocrx_word' id='word_1_44' title='bbox 1250 957 1304 1017; x_wconf 88' lang='grc' dir='ltr'><strong>καί</strong></span> <span class='ocrx_word' id='word_1_45' title='bbox 1328 955 1521 1034; x_wconf 84' lang='grc' dir='ltr'><strong>παρεκίνησε</strong></span> <span class='ocrx_word' id='word_1_46' title='bbox 1610 969 1611 1038; x_wconf 64' lang='lat' dir='ltr'><strong>j</strong></span> 
     </span>
    </p>
   </div>
   <div class='ocr_carea' id='block_1_4' title="bbox 298 1067 1611 1882">
    <p class='ocr_par' dir='ltr' id='par_1_4' title="bbox 298 1067 1611 1882">
     <span class='ocr_line' id='line_1_7' title="bbox 301 1067 1523 1156; baseline -0.005 -21"><span class='ocrx_word' id='word_1_47' title='bbox 301 1077 355 1135; x_wconf 90' lang='grc' dir='ltr'><strong>καί</strong></span> <span class='ocrx_word' id='word_1_48' title='bbox 377 1075 428 1136; x_wconf 84' lang='grc' dir='ltr'><strong>τόν</strong></span> <span class='ocrx_word' id='word_1_49' title='bbox 451 1067 603 1156; x_wconf 81' lang='grc' dir='ltr'><strong>αύύέντην</strong></span> <span class='ocrx_word' id='word_1_50' title='bbox 624 1073 745 1153; x_wconf 80' lang='grc' dir='ltr'><strong>Λιτβόιν</strong></span> <span class='ocrx_word' id='word_1_51' title='bbox 766 1076 848 1136; x_wconf 83' lang='grc' dir='ltr'><strong>κατά</strong></span> <span class='ocrx_word' id='word_1_52' title='bbox 880 1083 938 1136; x_wconf 87' lang='grc' dir='ltr'><strong>τιύν</strong></span> <span class='ocrx_word' id='word_1_53' title='bbox 958 1073 1146 1156; x_wconf 80' lang='grc' dir='ltr'><strong>Χριστιανῶν</strong></span> <span class='ocrx_word' id='word_1_54' title='bbox 1168 1075 1432 1154; x_wconf 66' lang='grc' dir='ltr'><strong>κατεξαναστῆναι</strong></span> <span class='ocrx_word' id='word_1_55' title='bbox 1467 1070 1523 1130; x_wconf 86' lang='grc' dir='ltr'><strong>καί</strong></span> 
     </span>
     <span class='ocr_line' id='line_1_8' title="bbox 300 1187 1611 1278; baseline -0.003 -24"><span class='ocrx_word' id='word_1_56' title='bbox 300 1189 357 1254; x_wconf 86' lang='grc' dir='ltr'><strong>ούκ</strong></span> <span class='ocrx_word' id='word_1_57' title='bbox 391 1189 498 1274; x_wconf 80' lang='grc' dir='ltr'><strong>όλίγην</strong></span> <span class='ocrx_word' id='word_1_58' title='bbox 524 1195 645 1278; x_wconf 76' lang='grc' dir='ltr'><strong>φθορὰν</strong></span> <span class='ocrx_word' id='word_1_59' title='bbox 671 1191 727 1253; x_wconf 84' lang='grc' dir='ltr'><strong>καὶ</strong></span> <span class='ocrx_word' id='word_1_60' title='bbox 752 1193 857 1274; x_wconf 92' lang='grc' dir='ltr'><strong>χύσιις</strong></span> <span class='ocrx_word' id='word_1_61' title='bbox 883 1189 1019 1273; x_wconf 82' lang='grc' dir='ltr'><strong>αἱμάτων</strong></span> <span class='ocrx_word' id='word_1_62' title='bbox 1045 1189 1256 1275; x_wconf 83' lang='grc' dir='ltr'><strong>έργάσασόαι,</strong></span> <span class='ocrx_word' id='word_1_63' title='bbox 1287 1187 1364 1272; x_wconf 79' lang='grc' dir='ltr'><strong>άπερ</strong></span> <span class='ocrx_word' id='word_1_64' title='bbox 1397 1187 1522 1258; x_wconf 69' lang='grc' dir='ltr'><strong>ἔδειξαν</strong></span> <span class='ocrx_word' id='word_1_65' title='bbox 1610 1259 1611 1274; x_wconf 27' lang='grc' dir='ltr'><strong>χ</strong></span> 
     </span>
     <span class='ocr_line' id='line_1_9' title="bbox 300 1299 1611 1394; baseline -0.002 -21"><span class='ocrx_word' id='word_1_66' title='bbox 300 1311 518 1394; x_wconf 82' lang='grc' dir='ltr'><strong>ἀκριβέστερον</strong></span> <span class='ocrx_word' id='word_1_67' title='bbox 541 1311 570 1373; x_wconf 84' lang='grc' dir='ltr'><strong>οἱ</strong></span> <span class='ocrx_word' id='word_1_68' title='bbox 591 1319 644 1374; x_wconf 88' lang='grc' dir='ltr'><strong>τού</strong></span> <span class='ocrx_word' id='word_1_69' title='bbox 667 1309 829 1393; x_wconf 88' lang='grc' dir='ltr'><strong>ίιριυτσίτου</strong></span> <span class='ocrx_word' id='word_1_70' title='bbox 853 1311 1074 1394; x_wconf 90' lang='grc' dir='ltr'><strong>μητροπολίτοο</strong></span> <span class='ocrx_word' id='word_1_71' title='bbox 1095 1310 1216 1391; x_wconf 84' lang='grc' dir='ltr'><strong>Κυέβου</strong></span> <span class='ocrx_word' id='word_1_72' title='bbox 1237 1314 1291 1373; x_wconf 88' lang='grc' dir='ltr'><strong>καί</strong></span> <span class='ocrx_word' id='word_1_73' title='bbox 1313 1313 1418 1392; x_wconf 90' lang='grc' dir='ltr'><strong>πάσης</strong></span> <span class='ocrx_word' id='word_1_74' title='bbox 1442 1305 1522 1372; x_wconf 82' lang='grc' dir='ltr'><strong>Ῥω·</strong></span> <span class='ocrx_word' id='word_1_75' title='bbox 1610 1299 1611 1330; x_wconf 63' lang='lat'>³</span> 
     </span>
     <span class='ocr_line' id='line_1_10' title="bbox 300 1425 1522 1512; baseline -0.005 -20"><span class='ocrx_word' id='word_1_76' title='bbox 300 1435 379 1505; x_wconf 89' lang='grc' dir='ltr'><strong>σίας,</strong></span> <span class='ocrx_word' id='word_1_77' title='bbox 394 1437 452 1511; x_wconf 91' lang='grc' dir='ltr'><strong>κύρ</strong></span> <span class='ocrx_word' id='word_1_78' title='bbox 466 1430 612 1504; x_wconf 84' lang='grc' dir='ltr'><strong>Ἀλεξίου,</strong></span> <span class='ocrx_word' id='word_1_79' title='bbox 629 1428 864 1512; x_wconf 82' lang='grc' dir='ltr'><strong>ἀποκρισιάριυι,</strong></span> <span class='ocrx_word' id='word_1_80' title='bbox 890 1430 1120 1510; x_wconf 85' lang='grc' dir='ltr'><strong>καταλαβόντες</strong></span> <span class='ocrx_word' id='word_1_81' title='bbox 1134 1428 1270 1490; x_wconf 70' lang='grc' dir='ltr'><strong>ἐνταῦθα</strong></span> <span class='ocrx_word' id='word_1_82' title='bbox 1291 1426 1347 1491; x_wconf 84' lang='grc' dir='ltr'><strong>καὶ</strong></span> <span class='ocrx_word' id='word_1_83' title='bbox 1361 1425 1394 1499; x_wconf 78' lang='grc' dir='ltr'><strong>έξ</strong></span> <span class='ocrx_word' id='word_1_84' title='bbox 1415 1425 1522 1489; x_wconf 74' lang='grc' dir='ltr'><strong>ἄλλων</strong></span> 
     </span>
     <span class='ocr_line' id='line_1_11' title="bbox 301 1544 1521 1632; baseline -0.002 -24"><span class='ocrx_word' id='word_1_85' title='bbox 301 1553 356 1630; x_wconf 91' lang='grc' dir='ltr'><strong>μέν</strong></span> <span class='ocrx_word' id='word_1_86' title='bbox 378 1549 508 1623; x_wconf 81' lang='grc' dir='ltr'><strong>πολλῶν,</strong></span> <span class='ocrx_word' id='word_1_87' title='bbox 532 1549 665 1630; x_wconf 87' lang='grc' dir='ltr'><strong>μάλιστα</strong></span> <span class='ocrx_word' id='word_1_88' title='bbox 687 1549 722 1610; x_wconf 77' lang='grc' dir='ltr'><strong>δέ</strong></span> <span class='ocrx_word' id='word_1_89' title='bbox 744 1553 798 1610; x_wconf 85' lang='grc' dir='ltr'><strong>καί</strong></span> <span class='ocrx_word' id='word_1_90' title='bbox 820 1546 872 1632; x_wconf 76' lang='grc' dir='ltr'><strong>ἀφ’</strong></span> <span class='ocrx_word' id='word_1_91' title='bbox 893 1545 933 1610; x_wconf 81' lang='grc' dir='ltr'><strong>ὧν</strong></span> <span class='ocrx_word' id='word_1_92' title='bbox 949 1549 1128 1630; x_wconf 70' lang='grc' dir='ltr'><strong>διεκόμισαν</strong></span> <span class='ocrx_word' id='word_1_93' title='bbox 1144 1549 1328 1629; x_wconf 78' lang='grc' dir='ltr'><strong>γραμμάτων</strong></span> <span class='ocrx_word' id='word_1_94' title='bbox 1351 1553 1406 1607; x_wconf 91' lang='grc' dir='ltr'><strong>τού</strong></span> <span class='ocrx_word' id='word_1_95' title='bbox 1427 1544 1521 1626; x_wconf 83' lang='grc' dir='ltr'><strong>ἱερω-</strong></span> 
     </span>
     <span class='ocr_line' id='line_1_12' title="bbox 298 1663 1520 1750; baseline -0.003 -23"><span class='ocrx_word' id='word_1_96' title='bbox 298 1669 394 1748; x_wconf 87' lang='grc' dir='ltr'><strong>τάτου</strong></span> <span class='ocrx_word' id='word_1_97' title='bbox 413 1668 645 1750; x_wconf 89' lang='grc' dir='ltr'><strong>μητροπολίτου,</strong></span> <span class='ocrx_word' id='word_1_98' title='bbox 661 1676 719 1749; x_wconf 91' lang='grc' dir='ltr'><strong>κύρ</strong></span> <span class='ocrx_word' id='word_1_99' title='bbox 733 1665 900 1750; x_wconf 86' lang='grc' dir='ltr'><strong>Ῥωμανού,</strong></span> <span class='ocrx_word' id='word_1_100' title='bbox 923 1663 997 1748; x_wconf 78' lang='grc' dir='ltr'><strong>ύπίρ</strong></span> <span class='ocrx_word' id='word_1_101' title='bbox 1020 1664 1061 1730; x_wconf 78' lang='grc' dir='ltr'><strong>ὧν</strong></span> <span class='ocrx_word' id='word_1_102' title='bbox 1083 1671 1137 1729; x_wconf 86' lang='grc' dir='ltr'><strong>καί</strong></span> <span class='ocrx_word' id='word_1_103' title='bbox 1158 1663 1259 1748; x_wconf 79' lang='grc' dir='ltr'><strong>ύσπερ</strong></span> <span class='ocrx_word' id='word_1_104' title='bbox 1282 1663 1520 1746; x_wconf 78' lang='grc' dir='ltr'><strong>ίγκαυχιύμενοι</strong></span> 
     </span>
     <span class='ocr_line' id='line_1_13' title="bbox 298 1784 1611 1882; baseline -0.002 -36"><span class='ocrx_word' id='word_1_105' title='bbox 298 1785 327 1848; x_wconf 84' lang='grc' dir='ltr'><strong>οἱ</strong></span> <span class='ocrx_word' id='word_1_106' title='bbox 353 1794 406 1848; x_wconf 90' lang='grc' dir='ltr'><strong>τού</strong></span> <span class='ocrx_word' id='word_1_107' title='bbox 434 1784 596 1867; x_wconf 87' lang='grc' dir='ltr'><strong>ίερωτάτου</strong></span> <span class='ocrx_word' id='word_1_108' title='bbox 625 1787 846 1870; x_wconf 90' lang='grc' dir='ltr'><strong>μητρυπολίτου</strong></span> <span class='ocrx_word' id='word_1_109' title='bbox 869 1785 991 1868; x_wconf 82' lang='grc' dir='ltr'><strong>Διτβιύν</strong></span> <span class='ocrx_word' id='word_1_110' title='bbox 1018 1785 1184 1868; x_wconf 69' lang='grc' dir='ltr'><strong>ἅνθρωποι,</strong></span> <span class='ocrx_word' id='word_1_111' title='bbox 1205 1789 1351 1869; x_wconf 88' lang='grc' dir='ltr'><strong>πρότερον</strong></span> <span class='ocrx_word' id='word_1_112' title='bbox 1372 1785 1520 1846; x_wconf 84' lang='grc' dir='ltr'><strong>καταλα-</strong></span> <span class='ocrx_word' id='word_1_113' title='bbox 1610 1799 1611 1882; x_wconf 44' lang='grc' dir='ltr'><strong>μ</strong></span> 
     </span>
    </p>
   </div>
   <div class='ocr_carea' id='block_1_5' title="bbox 299 1902 1611 1987">
    <p class='ocr_par' dir='ltr' id='par_1_5' title="bbox 299 1902 1611 1987">
     <span class='ocr_line' id='line_1_14' title="bbox 299 1902 1611 1987; baseline -0.002 -21"><span class='ocrx_word' id='word_1_114' title='bbox 299 1906 404 1984; x_wconf 87' lang='grc' dir='ltr'><strong>βύντες</strong></span> <span class='ocrx_word' id='word_1_115' title='bbox 426 1902 572 1979; x_wconf 83' lang='grc' dir='ltr'><strong>ἐνιαύύα,</strong></span> <span class='ocrx_word' id='word_1_116' title='bbox 595 1905 805 1987; x_wconf 83' lang='grc' dir='ltr'><strong>ύιεκήρυττον,</strong></span> <span class='ocrx_word' id='word_1_117' title='bbox 833 1902 875 1976; x_wconf 79' lang='grc' dir='ltr'><strong>ὡς</strong></span> <span class='ocrx_word' id='word_1_118' title='bbox 902 1913 1046 1967; x_wconf 89' lang='grc' dir='ltr'><strong>τοσούτον</strong></span> <span class='ocrx_word' id='word_1_119' title='bbox 1069 1902 1086 1968; x_wconf 87' lang='grc' dir='ltr'><strong>ύ</strong></span> <span class='ocrx_word' id='word_1_120' title='bbox 1108 1903 1270 1987; x_wconf 79' lang='grc' dir='ltr'><strong>ἱερώτατος</strong></span> <span class='ocrx_word' id='word_1_121' title='bbox 1292 1902 1521 1987; x_wconf 83' lang='grc' dir='ltr'><strong>μητροπολίτης</strong></span> <span class='ocrx_word' id='word_1_122' title='bbox 1610 1905 1611 1908; x_wconf 72' lang='grc'>’</span> 
     </span>
    </p>
   </div>
   <div class='ocr_carea' id='block_1_6' title="bbox 295 2018 1611 2586">
    <p class='ocr_par' dir='ltr' id='par_1_6' title="bbox 295 2018 1611 2586">
     <span class='ocr_line' id='line_1_15' title="bbox 297 2018 1611 2116; baseline -0.002 -32"><span class='ocrx_word' id='word_1_123' title='bbox 297 2031 354 2106; x_wconf 90' lang='grc' dir='ltr'><strong>κύρ</strong></span> <span class='ocrx_word' id='word_1_124' title='bbox 379 2021 534 2106; x_wconf 85' lang='grc' dir='ltr'><strong>Ῥωμανύς</strong></span> <span class='ocrx_word' id='word_1_125' title='bbox 560 2023 641 2086; x_wconf 84' lang='grc' dir='ltr'><strong>έστιν</strong></span> <span class='ocrx_word' id='word_1_126' title='bbox 665 2023 791 2107; x_wconf 75' lang='grc' dir='ltr'><strong>ἰσχυρός</strong></span> <span class='ocrx_word' id='word_1_127' title='bbox 819 2027 872 2085; x_wconf 87' lang='grc' dir='ltr'><strong>καί</strong></span> <span class='ocrx_word' id='word_1_128' title='bbox 899 2025 1024 2086; x_wconf 88' lang='grc' dir='ltr'><strong>ύύναται</strong></span> <span class='ocrx_word' id='word_1_129' title='bbox 1050 2023 1104 2106; x_wconf 81' lang='grc' dir='ltr'><strong>τὴν</strong></span> <span class='ocrx_word' id='word_1_130' title='bbox 1130 2021 1280 2105; x_wconf 81' lang='grc' dir='ltr'><strong>έπαρχίαν</strong></span> <span class='ocrx_word' id='word_1_131' title='bbox 1306 2018 1431 2084; x_wconf 76' lang='grc' dir='ltr'><strong>ἅπασαν</strong></span> <span class='ocrx_word' id='word_1_132' title='bbox 1465 2027 1521 2103; x_wconf 73' lang='grc' dir='ltr'><strong>της</strong></span> <span class='ocrx_word' id='word_1_133' title='bbox 1610 2059 1611 2116; x_wconf 54' lang='grc' dir='ltr'><strong>η</strong></span> 
     </span>
     <span class='ocr_line' id='line_1_16' title="bbox 297 2135 1611 2226; baseline -0.002 -22"><span class='ocrx_word' id='word_1_134' title='bbox 297 2143 511 2226; x_wconf 68' lang='grc' dir='ltr'><strong>μητροπόλεως</strong></span> <span class='ocrx_word' id='word_1_135' title='bbox 534 2141 617 2224; x_wconf 72' lang='grc' dir='ltr'><strong>ἔχειν</strong></span> <span class='ocrx_word' id='word_1_136' title='bbox 639 2137 778 2216; x_wconf 85' lang='grc' dir='ltr'><strong>Ῥωαίας,</strong></span> <span class='ocrx_word' id='word_1_137' title='bbox 801 2138 848 2204; x_wconf 83' lang='grc' dir='ltr'><strong>ότι</strong></span> <span class='ocrx_word' id='word_1_138' title='bbox 869 2139 924 2203; x_wconf 83' lang='grc' dir='ltr'><strong>καί</strong></span> <span class='ocrx_word' id='word_1_139' title='bbox 946 2140 989 2212; x_wconf 86' lang='grc' dir='ltr'><strong>είς</strong></span> <span class='ocrx_word' id='word_1_140' title='bbox 1011 2143 1045 2203; x_wconf 90' lang='grc' dir='ltr'><strong>τύ</strong></span> <span class='ocrx_word' id='word_1_141' title='bbox 1068 2139 1187 2220; x_wconf 85' lang='grc' dir='ltr'><strong>Κύεβον</strong></span> <span class='ocrx_word' id='word_1_142' title='bbox 1209 2137 1334 2223; x_wconf 81' lang='grc' dir='ltr'><strong>άπηλύε</strong></span> <span class='ocrx_word' id='word_1_143' title='bbox 1355 2143 1411 2202; x_wconf 86' lang='grc' dir='ltr'><strong>καί</strong></span> <span class='ocrx_word' id='word_1_144' title='bbox 1433 2136 1519 2201; x_wconf 74' lang='grc' dir='ltr'><strong>λλει·</strong></span> <span class='ocrx_word' id='word_1_145' title='bbox 1610 2135 1611 2144; x_wconf 68' lang='grc'>’</span> 
     </span>
     <span class='ocr_line' id='line_1_17' title="bbox 295 2247 1611 2343; baseline -0.002 -21"><span class='ocrx_word' id='word_1_146' title='bbox 295 2263 456 2343; x_wconf 84' lang='grc' dir='ltr'><strong>τούργησε,</strong></span> <span class='ocrx_word' id='word_1_147' title='bbox 478 2263 535 2321; x_wconf 89' lang='grc' dir='ltr'><strong>καί</strong></span> <span class='ocrx_word' id='word_1_148' title='bbox 556 2257 726 2330; x_wconf 81' lang='grc' dir='ltr'><strong>έπισκοπὰς</strong></span> <span class='ocrx_word' id='word_1_149' title='bbox 747 2260 865 2331; x_wconf 81' lang='grc' dir='ltr'><strong>πολλὰς</strong></span> <span class='ocrx_word' id='word_1_150' title='bbox 887 2261 1104 2342; x_wconf 73' lang='grc' dir='ltr'><strong>προσελάβετο,</strong></span> <span class='ocrx_word' id='word_1_151' title='bbox 1127 2263 1182 2321; x_wconf 82' lang='grc' dir='ltr'><strong>καί</strong></span> <span class='ocrx_word' id='word_1_152' title='bbox 1195 2261 1246 2321; x_wconf 83' lang='grc' dir='ltr'><strong>τόν</strong></span> <span class='ocrx_word' id='word_1_153' title='bbox 1262 2254 1415 2342; x_wconf 77' lang='grc' dir='ltr'><strong>αύύίντην</strong></span> <span class='ocrx_word' id='word_1_154' title='bbox 1436 2257 1519 2321; x_wconf 87' lang='grc' dir='ltr'><strong>Λιτ-</strong></span> <span class='ocrx_word' id='word_1_155' title='bbox 1610 2247 1611 2270; x_wconf 63' lang='lat'><em>³</em></span> 
     </span>
     <span class='ocr_line' id='line_1_18' title="bbox 295 2373 1518 2460; baseline -0.002 -20"><span class='ocrx_word' id='word_1_156' title='bbox 295 2381 356 2459; x_wconf 84' lang='grc' dir='ltr'><strong>βιύν</strong></span> <span class='ocrx_word' id='word_1_157' title='bbox 378 2381 461 2440; x_wconf 83' lang='grc' dir='ltr'><strong>κατὰ</strong></span> <span class='ocrx_word' id='word_1_158' title='bbox 482 2385 536 2440; x_wconf 88' lang='grc' dir='ltr'><strong>τού</strong></span> <span class='ocrx_word' id='word_1_159' title='bbox 558 2387 616 2460; x_wconf 93' lang='grc' dir='ltr'><strong>κύρ</strong></span> <span class='ocrx_word' id='word_1_160' title='bbox 638 2377 776 2450; x_wconf 83' lang='grc' dir='ltr'><strong>Ἀλεξίου</strong></span> <span class='ocrx_word' id='word_1_161' title='bbox 799 2379 944 2460; x_wconf 74' lang='grc' dir='ltr'><strong>διήγειρε,</strong></span> <span class='ocrx_word' id='word_1_162' title='bbox 970 2375 1026 2440; x_wconf 85' lang='grc' dir='ltr'><strong>καὶ</strong></span> <span class='ocrx_word' id='word_1_163' title='bbox 1046 2379 1145 2440; x_wconf 90' lang='grc' dir='ltr'><strong>πάντα</strong></span> <span class='ocrx_word' id='word_1_164' title='bbox 1172 2373 1286 2449; x_wconf 72' lang='grc' dir='ltr'><strong>ἔξεστιν</strong></span> <span class='ocrx_word' id='word_1_165' title='bbox 1312 2374 1421 2457; x_wconf 78' lang='grc' dir='ltr'><strong>έκιίνιρ</strong></span> <span class='ocrx_word' id='word_1_166' title='bbox 1442 2395 1518 2438; x_wconf 80' lang='grc' dir='ltr'><strong>ποι·</strong></span> 
     </span>
     <span class='ocr_line' id='line_1_19' title="bbox 295 2488 1518 2586; baseline -0.003 -28"><span class='ocrx_word' id='word_1_167' title='bbox 295 2505 337 2558; x_wconf 81' lang='grc' dir='ltr'><strong>είν</strong></span> <span class='ocrx_word' id='word_1_168' title='bbox 360 2495 468 2570; x_wconf 76' lang='grc' dir='ltr'><strong>ἀδεῶς,</strong></span> <span class='ocrx_word' id='word_1_169' title='bbox 490 2495 616 2578; x_wconf 77' lang='grc' dir='ltr'><strong>δύναμιν</strong></span> <span class='ocrx_word' id='word_1_170' title='bbox 636 2491 797 2578; x_wconf 79' lang='grc' dir='ltr'><strong>οὐμικρόν</strong></span> <span class='ocrx_word' id='word_1_171' title='bbox 821 2495 933 2578; x_wconf 77' lang='grc' dir='ltr'><strong>ἔχοντι,</strong></span> <span class='ocrx_word' id='word_1_172' title='bbox 957 2495 1000 2566; x_wconf 83' lang='grc' dir='ltr'><strong>τίς</strong></span> <span class='ocrx_word' id='word_1_173' title='bbox 1022 2503 1110 2586; x_wconf 89' lang='grc' dir='ltr'><strong>τούτο</strong></span> <span class='ocrx_word' id='word_1_174' title='bbox 1132 2501 1359 2577; x_wconf 89' lang='grc' dir='ltr'><strong>παρακινοόσαν</strong></span> <span class='ocrx_word' id='word_1_175' title='bbox 1381 2494 1434 2556; x_wconf 89' lang='grc' dir='ltr'><strong>τόν</strong></span> <span class='ocrx_word' id='word_1_176' title='bbox 1457 2488 1518 2556; x_wconf 84' lang='grc' dir='ltr'><strong>αύ-</strong></span> 
     </span>
    </p>
   </div>
   <div class='ocr_carea' id='block_1_7' title="bbox 293 2613 1611 2699">
    <p class='ocr_par' dir='ltr' id='par_1_7' title="bbox 293 2613 1611 2699">
     <span class='ocr_line' id='line_1_20' title="bbox 293 2613 1611 2699; baseline 0.001 -24"><span class='ocrx_word' id='word_1_177' title='bbox 293 2617 405 2697; x_wconf 75' lang='grc' dir='ltr'><strong>θέντην</strong></span> <span class='ocrx_word' id='word_1_178' title='bbox 421 2613 549 2695; x_wconf 80' lang='grc' dir='ltr'><strong>Λιτβύιν·</strong></span> <span class='ocrx_word' id='word_1_179' title='bbox 566 2616 618 2678; x_wconf 79' lang='grc' dir='ltr'><strong>διὰ</strong></span> <span class='ocrx_word' id='word_1_180' title='bbox 634 2623 706 2690; x_wconf 88' lang='grc' dir='ltr'><strong>γούν</strong></span> <span class='ocrx_word' id='word_1_181' title='bbox 722 2617 775 2698; x_wconf 83' lang='grc' dir='ltr'><strong>την</strong></span> <span class='ocrx_word' id='word_1_182' title='bbox 791 2618 934 2699; x_wconf 81' lang='grc' dir='ltr'><strong>τοιαύτην</strong></span> <span class='ocrx_word' id='word_1_183' title='bbox 949 2613 1167 2694; x_wconf 83' lang='grc' dir='ltr'><strong>(κατάστασιν)</strong></span> <span class='ocrx_word' id='word_1_184' title='bbox 1183 2613 1336 2698; x_wconf 83' lang='grc' dir='ltr'><strong>έπισφαλη</strong></span> <span class='ocrx_word' id='word_1_185' title='bbox 1350 2616 1516 2676; x_wconf 80' lang='grc' dir='ltr'><strong>παντάπα·</strong></span> <span class='ocrx_word' id='word_1_186' title='bbox 1610 2647 1611 2650; x_wconf 33' lang='lat'>¹</span> 
     </span>
    </p>
   </div>
   <div class='ocr_carea' id='block_1_8' title="bbox 289 2729 1611 4598">
    <p class='ocr_par' dir='ltr' id='par_1_8' title="bbox 289 2729 1611 4598">
     <span class='ocr_line' id='line_1_21' title="bbox 295 2729 1517 2817; baseline 0 -23"><span class='ocrx_word' id='word_1_187' title='bbox 295 2753 341 2794; x_wconf 95' lang='grc' dir='ltr'><strong>σιν</strong></span> <span class='ocrx_word' id='word_1_188' title='bbox 361 2731 456 2796; x_wconf 80' lang='grc' dir='ltr'><strong>οὖσαν</strong></span> <span class='ocrx_word' id='word_1_189' title='bbox 473 2737 528 2796; x_wconf 88' lang='grc' dir='ltr'><strong>καί</strong></span> <span class='ocrx_word' id='word_1_190' title='bbox 548 2735 606 2807; x_wconf 81' lang='grc' dir='ltr'><strong>ἔξω</strong></span> <span class='ocrx_word' id='word_1_191' title='bbox 621 2744 674 2817; x_wconf 80' lang='grc' dir='ltr'><strong>τῆς</strong></span> <span class='ocrx_word' id='word_1_192' title='bbox 697 2745 754 2795; x_wconf 86' lang='grc' dir='ltr'><strong>τιῐιν</strong></span> <span class='ocrx_word' id='word_1_193' title='bbox 774 2738 867 2805; x_wconf 75' lang='grc' dir='ltr'><strong>θείων</strong></span> <span class='ocrx_word' id='word_1_194' title='bbox 883 2734 938 2797; x_wconf 86' lang='grc' dir='ltr'><strong>καί</strong></span> <span class='ocrx_word' id='word_1_195' title='bbox 951 2735 1036 2816; x_wconf 81' lang='grc' dir='ltr'><strong>ἱερῶν</strong></span> <span class='ocrx_word' id='word_1_196' title='bbox 1052 2737 1188 2797; x_wconf 78' lang='grc' dir='ltr'><strong>κανόνων</strong></span> <span class='ocrx_word' id='word_1_197' title='bbox 1203 2733 1351 2816; x_wconf 79' lang='grc' dir='ltr'><strong>ύιαταγης</strong></span> <span class='ocrx_word' id='word_1_198' title='bbox 1371 2737 1428 2794; x_wconf 86' lang='grc' dir='ltr'><strong>καί</strong></span> <span class='ocrx_word' id='word_1_199' title='bbox 1447 2729 1517 2814; x_wconf 77' lang='grc' dir='ltr'><strong>ἅμα</strong></span> 
     </span>
     <span class='ocr_line' id='line_1_22' title="bbox 293 2849 1514 2934; baseline 0.001 -23"><span class='ocrx_word' id='word_1_200' title='bbox 293 2849 345 2911; x_wconf 80' lang='grc' dir='ltr'><strong>διὰ</strong></span> <span class='ocrx_word' id='word_1_201' title='bbox 360 2855 394 2912; x_wconf 90' lang='grc' dir='ltr'><strong>τό</strong></span> <span class='ocrx_word' id='word_1_202' title='bbox 411 2853 452 2934; x_wconf 83' lang='grc' dir='ltr'><strong>μή</strong></span> <span class='ocrx_word' id='word_1_203' title='bbox 475 2853 648 2934; x_wconf 74' lang='grc' dir='ltr'><strong>προβαίνειν</strong></span> <span class='ocrx_word' id='word_1_204' title='bbox 674 2855 755 2914; x_wconf 86' lang='grc' dir='ltr'><strong>κατὰ</strong></span> <span class='ocrx_word' id='word_1_205' title='bbox 777 2859 830 2914; x_wconf 91' lang='grc' dir='ltr'><strong>τού</strong></span> <span class='ocrx_word' id='word_1_206' title='bbox 846 2861 1056 2934; x_wconf 87' lang='grc' dir='ltr'><strong>χριστιανικσύ</strong></span> <span class='ocrx_word' id='word_1_207' title='bbox 1070 2861 1123 2934; x_wconf 81' lang='grc' dir='ltr'><strong>τῆς</strong></span> <span class='ocrx_word' id='word_1_208' title='bbox 1137 2849 1267 2920; x_wconf 89' lang='grc' dir='ltr'><strong>Ῥωσίας</strong></span> <span class='ocrx_word' id='word_1_209' title='bbox 1282 2853 1388 2926; x_wconf 87' lang='grc' dir='ltr'><strong>γένους</strong></span> <span class='ocrx_word' id='word_1_210' title='bbox 1402 2851 1514 2934; x_wconf 89' lang='grc' dir='ltr'><strong>φόνους</strong></span> 
     </span>
     <span class='ocr_line' id='line_1_23' title="bbox 291 2955 1611 3054; baseline 0.001 -25"><span class='ocrx_word' id='word_1_211' title='bbox 291 2972 347 3030; x_wconf 88' lang='grc' dir='ltr'><strong>καί</strong></span> <span class='ocrx_word' id='word_1_212' title='bbox 362 2971 596 3050; x_wconf 82' lang='grc' dir='ltr'><strong>συγχύσεις,καί</strong></span> <span class='ocrx_word' id='word_1_213' title='bbox 613 2975 717 3054; x_wconf 86' lang='grc' dir='ltr'><strong>μάχας</strong></span> <span class='ocrx_word' id='word_1_214' title='bbox 732 2975 787 3033; x_wconf 88' lang='grc' dir='ltr'><strong>καί</strong></span> <span class='ocrx_word' id='word_1_215' title='bbox 802 2973 951 3054; x_wconf 83' lang='grc' dir='ltr'><strong>ταραχὰς,</strong></span> <span class='ocrx_word' id='word_1_216' title='bbox 967 2968 1009 3041; x_wconf 86' lang='grc' dir='ltr'><strong>όις</strong></span> <span class='ocrx_word' id='word_1_217' title='bbox 1023 2971 1156 3046; x_wconf 85' lang='grc' dir='ltr'><strong>λέγεται,</strong></span> <span class='ocrx_word' id='word_1_218' title='bbox 1171 2966 1248 3053; x_wconf 79' lang='grc' dir='ltr'><strong>άπερ</strong></span> <span class='ocrx_word' id='word_1_219' title='bbox 1264 2966 1327 3032; x_wconf 76' lang='grc' dir='ltr'><strong>ίστί</strong></span> <span class='ocrx_word' id='word_1_220' title='bbox 1341 2978 1404 3040; x_wconf 83' lang='grc' dir='ltr'><strong>τοίς</strong></span> <span class='ocrx_word' id='word_1_221' title='bbox 1419 2967 1514 3031; x_wconf 79' lang='grc' dir='ltr'><strong>έύνε·</strong></span> <span class='ocrx_word' id='word_1_222' title='bbox 1610 2955 1611 2970; x_wconf 58' lang='grc'>’</span> 
     </span>
     <span class='ocr_line' id='line_1_24' title="bbox 293 3083 1512 3175; baseline 0.002 -27"><span class='ocrx_word' id='word_1_223' title='bbox 293 3107 340 3148; x_wconf 90' lang='grc' dir='ltr'><strong>σιν</strong></span> <span class='ocrx_word' id='word_1_224' title='bbox 360 3085 426 3150; x_wconf 82' lang='grc' dir='ltr'><strong>ίύια</strong></span> <span class='ocrx_word' id='word_1_225' title='bbox 449 3099 510 3159; x_wconf 82' lang='grc' dir='ltr'><strong>τοῖς</strong></span> <span class='ocrx_word' id='word_1_226' title='bbox 534 3091 575 3174; x_wconf 82' lang='grc' dir='ltr'><strong>μη</strong></span> <span class='ocrx_word' id='word_1_227' title='bbox 598 3091 693 3175; x_wconf 87' lang='grc' dir='ltr'><strong>φόβον</strong></span> <span class='ocrx_word' id='word_1_228' title='bbox 717 3087 748 3150; x_wconf 83' lang='grc' dir='ltr'><strong>έν</strong></span> <span class='ocrx_word' id='word_1_229' title='bbox 771 3087 888 3160; x_wconf 83' lang='grc' dir='ltr'><strong>ίαυτοῑς</strong></span> <span class='ocrx_word' id='word_1_230' title='bbox 912 3089 1021 3173; x_wconf 78' lang='grc' dir='ltr'><strong>έχουσι</strong></span> <span class='ocrx_word' id='word_1_231' title='bbox 1035 3097 1089 3152; x_wconf 90' lang='grc' dir='ltr'><strong>τού</strong></span> <span class='ocrx_word' id='word_1_232' title='bbox 1103 3093 1190 3165; x_wconf 73' lang='grc' dir='ltr'><strong>θεοῦ,</strong></span> <span class='ocrx_word' id='word_1_233' title='bbox 1205 3091 1259 3151; x_wconf 84' lang='grc' dir='ltr'><strong>καί</strong></span> <span class='ocrx_word' id='word_1_234' title='bbox 1274 3083 1309 3150; x_wconf 87' lang='grc' dir='ltr'><strong>ού</strong></span> <span class='ocrx_word' id='word_1_235' title='bbox 1325 3098 1387 3159; x_wconf 75' lang='grc' dir='ltr'><strong>τοῖς</strong></span> <span class='ocrx_word' id='word_1_236' title='bbox 1403 3084 1512 3170; x_wconf 75' lang='grc' dir='ltr'><strong>ἀρχιε-</strong></span> 
     </span>
     <span class='ocr_line' id='line_1_25' title="bbox 293 3203 1512 3292; baseline -0.003 -24"><span class='ocrx_word' id='word_1_237' title='bbox 293 3213 390 3288; x_wconf 88' lang='grc' dir='ltr'><strong>ρεύσι,</strong></span> <span class='ocrx_word' id='word_1_238' title='bbox 416 3211 471 3268; x_wconf 89' lang='grc' dir='ltr'><strong>καί</strong></span> <span class='ocrx_word' id='word_1_239' title='bbox 496 3219 613 3290; x_wconf 83' lang='grc' dir='ltr'><strong>πρῶτον</strong></span> <span class='ocrx_word' id='word_1_240' title='bbox 640 3213 695 3292; x_wconf 84' lang='grc' dir='ltr'><strong>μίν</strong></span> <span class='ocrx_word' id='word_1_241' title='bbox 723 3205 884 3292; x_wconf 80' lang='grc' dir='ltr'><strong>ἐγγράφως</strong></span> <span class='ocrx_word' id='word_1_242' title='bbox 909 3211 1156 3291; x_wconf 77' lang='grc' dir='ltr'><strong>παρεκελεύσατο</strong></span> <span class='ocrx_word' id='word_1_243' title='bbox 1184 3210 1261 3290; x_wconf 88' lang='grc' dir='ltr'><strong>πρύς</strong></span> <span class='ocrx_word' id='word_1_244' title='bbox 1283 3203 1375 3270; x_wconf 90' lang='grc' dir='ltr'><strong>αύτόν</strong></span> <span class='ocrx_word' id='word_1_245' title='bbox 1398 3207 1437 3288; x_wconf 78' lang='grc' dir='ltr'><strong>δὴ</strong></span> <span class='ocrx_word' id='word_1_246' title='bbox 1460 3207 1512 3267; x_wconf 87' lang='grc' dir='ltr'><strong>τόν</strong></span> 
     </span>
     <span class='ocr_line' id='line_1_26' title="bbox 292 3321 1512 3410; baseline 0.002 -26"><span class='ocrx_word' id='word_1_247' title='bbox 292 3331 349 3406; x_wconf 86' lang='grc' dir='ltr'><strong>κύρ</strong></span> <span class='ocrx_word' id='word_1_248' title='bbox 374 3322 528 3405; x_wconf 86' lang='grc' dir='ltr'><strong>Ῥωμανόν</strong></span> <span class='ocrx_word' id='word_1_249' title='bbox 554 3321 574 3409; x_wconf 82' lang='grc' dir='ltr'>ἡ</span> <span class='ocrx_word' id='word_1_250' title='bbox 603 3329 762 3408; x_wconf 80' lang='grc' dir='ltr'><strong>μετριότης</strong></span> <span class='ocrx_word' id='word_1_251' title='bbox 788 3324 883 3410; x_wconf 78' lang='grc' dir='ltr'><strong>ἡμῶν,</strong></span> <span class='ocrx_word' id='word_1_252' title='bbox 907 3325 1110 3410; x_wconf 79' lang='grc' dir='ltr'><strong>είσηγουμένη</strong></span> <span class='ocrx_word' id='word_1_253' title='bbox 1133 3327 1239 3406; x_wconf 78' lang='grc' dir='ltr'><strong>τούτῳ,</strong></span> <span class='ocrx_word' id='word_1_254' title='bbox 1267 3321 1308 3395; x_wconf 82' lang='grc' dir='ltr'><strong>ύς</strong></span> <span class='ocrx_word' id='word_1_255' title='bbox 1330 3321 1367 3386; x_wconf 81' lang='grc' dir='ltr'><strong>ἂν</strong></span> <span class='ocrx_word' id='word_1_256' title='bbox 1391 3321 1512 3408; x_wconf 76' lang='grc' dir='ltr'><strong>ἀποστῇ</strong></span> 
     </span>
     <span class='ocr_line' id='line_1_27' title="bbox 292 3441 1512 3530; baseline 0.003 -27"><span class='ocrx_word' id='word_1_257' title='bbox 292 3452 350 3503; x_wconf 76' lang='grc' dir='ltr'><strong>τόν</strong></span> <span class='ocrx_word' id='word_1_258' title='bbox 372 3445 514 3505; x_wconf 88' lang='grc' dir='ltr'><strong>τοιούτων</strong></span> <span class='ocrx_word' id='word_1_259' title='bbox 531 3441 736 3507; x_wconf 84' lang='grc' dir='ltr'><strong>ἀκανονίστων</strong></span> <span class='ocrx_word' id='word_1_260' title='bbox 752 3447 897 3528; x_wconf 88' lang='grc' dir='ltr'><strong>πράξεων,</strong></span> <span class='ocrx_word' id='word_1_261' title='bbox 915 3445 956 3516; x_wconf 81' lang='grc' dir='ltr'><strong>ιός</strong></span> <span class='ocrx_word' id='word_1_262' title='bbox 975 3445 1159 3530; x_wconf 81' lang='grc' dir='ltr'><strong>ίγροίψαμεν,</strong></span> <span class='ocrx_word' id='word_1_263' title='bbox 1183 3449 1320 3527; x_wconf 75' lang='grc' dir='ltr'><strong>στέργειν</strong></span> <span class='ocrx_word' id='word_1_264' title='bbox 1343 3441 1512 3527; x_wconf 74' lang='grc' dir='ltr'><strong>ἀπαραβά·</strong></span> 
     </span>
     <span class='ocr_line' id='line_1_28' title="bbox 290 3562 1510 3646; baseline 0.002 -26"><span class='ocrx_word' id='word_1_265' title='bbox 290 3581 348 3629; x_wconf 82' lang='grc' dir='ltr'><strong>ειυς</strong></span> <span class='ocrx_word' id='word_1_266' title='bbox 370 3565 409 3622; x_wconf 84' lang='grc' dir='ltr'><strong>τὰ</strong></span> <span class='ocrx_word' id='word_1_267' title='bbox 430 3562 637 3643; x_wconf 85' lang='grc' dir='ltr'><strong>ύιεγνωσμένα</strong></span> <span class='ocrx_word' id='word_1_268' title='bbox 661 3565 829 3635; x_wconf 80' lang='grc' dir='ltr'><strong>συνοδικύις</strong></span> <span class='ocrx_word' id='word_1_269' title='bbox 852 3562 907 3626; x_wconf 88' lang='grc' dir='ltr'><strong>καί</strong></span> <span class='ocrx_word' id='word_1_270' title='bbox 932 3565 974 3646; x_wconf 80' lang='grc' dir='ltr'><strong>μή</strong></span> <span class='ocrx_word' id='word_1_271' title='bbox 1001 3570 1168 3646; x_wconf 89' lang='grc' dir='ltr'><strong>περαιτέρω</strong></span> <span class='ocrx_word' id='word_1_272' title='bbox 1198 3565 1310 3626; x_wconf 86' lang='grc' dir='ltr'><strong>τούτων</strong></span> <span class='ocrx_word' id='word_1_273' title='bbox 1335 3563 1510 3645; x_wconf 76' lang='grc' dir='ltr'><strong>προβαίνειν</strong></span> 
     </span>
     <span class='ocr_line' id='line_1_29' title="bbox 291 3680 1509 3766; baseline 0.002 -26"><span class='ocrx_word' id='word_1_274' title='bbox 291 3683 345 3740; x_wconf 89' lang='grc' dir='ltr'><strong>καί</strong></span> <span class='ocrx_word' id='word_1_275' title='bbox 366 3683 448 3742; x_wconf 82' lang='grc' dir='ltr'><strong>κατὰ</strong></span> <span class='ocrx_word' id='word_1_276' title='bbox 469 3689 522 3742; x_wconf 86' lang='grc' dir='ltr'><strong>τού</strong></span> <span class='ocrx_word' id='word_1_277' title='bbox 544 3687 601 3762; x_wconf 88' lang='grc' dir='ltr'><strong>κύρ</strong></span> <span class='ocrx_word' id='word_1_278' title='bbox 616 3680 755 3754; x_wconf 83' lang='grc' dir='ltr'><strong>Ἀλεξίου</strong></span> <span class='ocrx_word' id='word_1_279' title='bbox 776 3683 1066 3757; x_wconf 77' lang='grc' dir='ltr'><strong>κατεξανίστασύαι,</strong></span> <span class='ocrx_word' id='word_1_280' title='bbox 1089 3687 1143 3744; x_wconf 89' lang='grc' dir='ltr'><strong>καί</strong></span> <span class='ocrx_word' id='word_1_281' title='bbox 1158 3683 1212 3766; x_wconf 80' lang='grc' dir='ltr'><strong>τήν</strong></span> <span class='ocrx_word' id='word_1_282' title='bbox 1233 3685 1360 3764; x_wconf 71' lang='grc' dir='ltr'><strong>μείζονα</strong></span> <span class='ocrx_word' id='word_1_283' title='bbox 1382 3680 1509 3743; x_wconf 72' lang='grc' dir='ltr'><strong>ἐπισκο-</strong></span> 
     </span>
     <span class='ocr_line' id='line_1_30' title="bbox 292 3797 1510 3890; baseline 0.005 -32"><span class='ocrx_word' id='word_1_284' title='bbox 292 3797 349 3879; x_wconf 76' lang='grc' dir='ltr'><strong>πην</strong></span> <span class='ocrx_word' id='word_1_285' title='bbox 372 3807 427 3881; x_wconf 82' lang='grc' dir='ltr'><strong>τῆς</strong></span> <span class='ocrx_word' id='word_1_286' title='bbox 449 3797 587 3873; x_wconf 83' lang='grc' dir='ltr'><strong>Ῥυσίας,</strong></span> <span class='ocrx_word' id='word_1_287' title='bbox 610 3809 663 3861; x_wconf 89' lang='grc' dir='ltr'><strong>τού</strong></span> <span class='ocrx_word' id='word_1_288' title='bbox 685 3799 906 3882; x_wconf 86' lang='grc' dir='ltr'><strong>Μπριανίσκου,</strong></span> <span class='ocrx_word' id='word_1_289' title='bbox 920 3801 1341 3890; x_wconf 40' lang='grc' dir='ltr'><strong>ίδιοπυιησατοχάνηκοσσαν</strong></span> <span class='ocrx_word' id='word_1_290' title='bbox 1357 3803 1399 3885; x_wconf 79' lang='grc' dir='ltr'><strong>τῷ</strong></span> <span class='ocrx_word' id='word_1_291' title='bbox 1421 3801 1510 3884; x_wconf 85' lang='grc' dir='ltr'><strong>ἱερω-</strong></span> 
     </span>
     <span class='ocr_line' id='line_1_31' title="bbox 290 3915 1508 4004; baseline 0.002 -27"><span class='ocrx_word' id='word_1_292' title='bbox 290 3917 371 3996; x_wconf 83' lang='grc' dir='ltr'><strong>τάτην</strong></span> <span class='ocrx_word' id='word_1_293' title='bbox 400 3920 606 4001; x_wconf 84' lang='grc' dir='ltr'><strong>μητροπολίτη</strong></span> <span class='ocrx_word' id='word_1_294' title='bbox 628 3916 750 3998; x_wconf 85' lang='grc' dir='ltr'><strong>Κυέβου</strong></span> <span class='ocrx_word' id='word_1_295' title='bbox 776 3923 830 3982; x_wconf 86' lang='grc' dir='ltr'><strong>καὶ</strong></span> <span class='ocrx_word' id='word_1_296' title='bbox 855 3923 957 4003; x_wconf 87' lang='grc' dir='ltr'><strong>πάσης</strong></span> <span class='ocrx_word' id='word_1_297' title='bbox 978 3919 1115 3997; x_wconf 87' lang='grc' dir='ltr'><strong>Ῥωσίας,</strong></span> <span class='ocrx_word' id='word_1_298' title='bbox 1144 3921 1186 4004; x_wconf 77' lang='grc' dir='ltr'><strong>τῷ</strong></span> <span class='ocrx_word' id='word_1_299' title='bbox 1207 3927 1264 4002; x_wconf 88' lang='grc' dir='ltr'><strong>κύρ</strong></span> <span class='ocrx_word' id='word_1_300' title='bbox 1285 3919 1429 4002; x_wconf 78' lang='grc' dir='ltr'><strong>Ἀλεξίφ,</strong></span> <span class='ocrx_word' id='word_1_301' title='bbox 1458 3915 1508 4004; x_wconf 78' lang='grc' dir='ltr'><strong>ἀφ’</strong></span> 
     </span>
     <span class='ocr_line' id='line_1_32' title="bbox 290 4030 1506 4122; baseline 0.004 -27"><span class='ocrx_word' id='word_1_302' title='bbox 290 4030 325 4096; x_wconf 86' lang='grc' dir='ltr'><strong>ού</strong></span> <span class='ocrx_word' id='word_1_303' title='bbox 359 4035 500 4117; x_wconf 66' lang='grc' dir='ltr'><strong>δηλονότι</strong></span> <span class='ocrx_word' id='word_1_304' title='bbox 526 4033 694 4122; x_wconf 84' lang='grc' dir='ltr'><strong>ύφορωνται</strong></span> <span class='ocrx_word' id='word_1_305' title='bbox 721 4043 775 4100; x_wconf 88' lang='grc' dir='ltr'><strong>καί</strong></span> <span class='ocrx_word' id='word_1_306' title='bbox 804 4039 849 4100; x_wconf 80' lang='grc' dir='ltr'><strong>ἔτι</strong></span> <span class='ocrx_word' id='word_1_307' title='bbox 877 4043 1002 4122; x_wconf 76' lang='grc' dir='ltr'><strong>μείζονα</strong></span> <span class='ocrx_word' id='word_1_308' title='bbox 1029 4043 1066 4102; x_wconf 87' lang='grc' dir='ltr'><strong>τόι</strong></span> <span class='ocrx_word' id='word_1_309' title='bbox 1095 4043 1182 4102; x_wconf 81' lang='grc' dir='ltr'><strong>κακά</strong></span> <span class='ocrx_word' id='word_1_310' title='bbox 1209 4032 1422 4122; x_wconf 75' lang='grc' dir='ltr'><strong>προχωρήσειν</strong></span> <span class='ocrx_word' id='word_1_311' title='bbox 1454 4035 1506 4102; x_wconf 81' lang='grc' dir='ltr'><strong>καί</strong></span> 
     </span>
     <span class='ocr_line' id='line_1_33' title="bbox 290 4153 1506 4242; baseline 0.006 -29"><span class='ocrx_word' id='word_1_312' title='bbox 290 4153 451 4235; x_wconf 74' lang='grc' dir='ltr'><strong>καύσλικη</strong></span> <span class='ocrx_word' id='word_1_313' title='bbox 473 4175 517 4224; x_wconf 89' lang='grc' dir='ltr'><strong>τις</strong></span> <span class='ocrx_word' id='word_1_314' title='bbox 539 4157 644 4240; x_wconf 73' lang='grc' dir='ltr'><strong>φθορὰ</strong></span> <span class='ocrx_word' id='word_1_315' title='bbox 665 4154 721 4217; x_wconf 86' lang='grc' dir='ltr'><strong>καί</strong></span> <span class='ocrx_word' id='word_1_316' title='bbox 745 4161 927 4240; x_wconf 79' lang='grc' dir='ltr'><strong>καινοτομία</strong></span> <span class='ocrx_word' id='word_1_317' title='bbox 954 4167 1010 4220; x_wconf 84' lang='grc' dir='ltr'><strong>τόν</strong></span> <span class='ocrx_word' id='word_1_318' title='bbox 1038 4155 1302 4242; x_wconf 78' lang='grc' dir='ltr'><strong>έκκλησιαστικύν</strong></span> <span class='ocrx_word' id='word_1_319' title='bbox 1323 4161 1506 4240; x_wconf 78' lang='grc' dir='ltr'><strong>πραγμάτων</strong></span> 
     </span>
     <span class='ocr_line' id='line_1_34' title="bbox 290 4267 1506 4360; baseline 0.005 -30"><span class='ocrx_word' id='word_1_320' title='bbox 290 4267 321 4330; x_wconf 78' lang='grc' dir='ltr'><strong>ἐν</strong></span> <span class='ocrx_word' id='word_1_321' title='bbox 344 4279 381 4352; x_wconf 74' lang='grc' dir='ltr'><strong>τῇ</strong></span> <span class='ocrx_word' id='word_1_322' title='bbox 405 4267 462 4353; x_wconf 89' lang='grc' dir='ltr'><strong>ύλη</strong></span> <span class='ocrx_word' id='word_1_323' title='bbox 486 4268 619 4356; x_wconf 80' lang='grc' dir='ltr'><strong>έπαρχίη</strong></span> <span class='ocrx_word' id='word_1_324' title='bbox 641 4283 693 4358; x_wconf 80' lang='grc' dir='ltr'><strong>τῆς</strong></span> <span class='ocrx_word' id='word_1_325' title='bbox 715 4273 857 4344; x_wconf 85' lang='grc' dir='ltr'><strong>Ῥωσίας·</strong></span> <span class='ocrx_word' id='word_1_326' title='bbox 880 4273 900 4358; x_wconf 83' lang='grc' dir='ltr'><strong>ἡ</strong></span> <span class='ocrx_word' id='word_1_327' title='bbox 921 4279 1079 4357; x_wconf 86' lang='grc' dir='ltr'><strong>μετριότης</strong></span> <span class='ocrx_word' id='word_1_328' title='bbox 1093 4273 1188 4360; x_wconf 78' lang='grc' dir='ltr'><strong>ἡμῶν,</strong></span> <span class='ocrx_word' id='word_1_329' title='bbox 1205 4275 1239 4338; x_wconf 82' lang='grc' dir='ltr'><strong>όν</strong></span> <span class='ocrx_word' id='word_1_330' title='bbox 1254 4275 1374 4360; x_wconf 80' lang='grc' dir='ltr'><strong>εἴρηται</strong></span> <span class='ocrx_word' id='word_1_331' title='bbox 1389 4279 1506 4357; x_wconf 76' lang='grc' dir='ltr'><strong>κρότον,</strong></span> 
     </span>
     <span class='ocr_line' id='line_1_35' title="bbox 289 4374 1505 4479; baseline 0.007 -30"><span class='ocrx_word' id='word_1_332' title='bbox 289 4389 447 4472; x_wconf 81' lang='grc' dir='ltr'><strong>κηδομένη</strong></span> <span class='ocrx_word' id='word_1_333' title='bbox 470 4393 523 4452; x_wconf 90' lang='grc' dir='ltr'><strong>καί</strong></span> <span class='ocrx_word' id='word_1_334' title='bbox 544 4392 754 4474; x_wconf 75' lang='grc' dir='ltr'><strong>φροντίζουσα,</strong></span> <span class='ocrx_word' id='word_1_335' title='bbox 770 4393 903 4476; x_wconf 87' lang='grc' dir='ltr'><strong>Χριστού</strong></span> <span class='ocrx_word' id='word_1_336' title='bbox 929 4397 1043 4478; x_wconf 92' lang='grc' dir='ltr'><strong>χάριτι,</strong></span> <span class='ocrx_word' id='word_1_337' title='bbox 1058 4374 1262 4479; x_wconf 61' lang='grc' dir='ltr'><strong>-τηςλίρηνης</strong></span> <span class='ocrx_word' id='word_1_338' title='bbox 1284 4397 1339 4456; x_wconf 90' lang='grc' dir='ltr'><strong>καί</strong></span> <span class='ocrx_word' id='word_1_339' title='bbox 1361 4391 1505 4476; x_wconf 81' lang='grc' dir='ltr'><strong>ὁμονοίας</strong></span> 
     </span>
     <span class='ocr_line' id='line_1_36' title="bbox 290 4507 1507 4598; baseline 0.006 -30"><span class='ocrx_word' id='word_1_340' title='bbox 290 4513 343 4568; x_wconf 89' lang='grc' dir='ltr'><strong>τού</strong></span> <span class='ocrx_word' id='word_1_341' title='bbox 366 4515 419 4591; x_wconf 78' lang='grc' dir='ltr'><strong>τῆς</strong></span> <span class='ocrx_word' id='word_1_342' title='bbox 443 4509 613 4593; x_wconf 78' lang='grc' dir='ltr'><strong>ίκκλησίας</strong></span> <span class='ocrx_word' id='word_1_343' title='bbox 636 4507 709 4572; x_wconf 78' lang='grc' dir='ltr'><strong>ὅλου</strong></span> <span class='ocrx_word' id='word_1_344' title='bbox 731 4513 946 4596; x_wconf 83' lang='grc' dir='ltr'><strong>πληρώματος,</strong></span> <span class='ocrx_word' id='word_1_345' title='bbox 972 4509 1146 4598; x_wconf 82' lang='grc' dir='ltr'><strong>όφείλονεος</strong></span> <span class='ocrx_word' id='word_1_346' title='bbox 1169 4515 1201 4576; x_wconf 75' lang='grc' dir='ltr'><strong>έν</strong></span> <span class='ocrx_word' id='word_1_347' title='bbox 1229 4523 1317 4594; x_wconf 78' lang='grc' dir='ltr'><strong>σῶμα</strong></span> <span class='ocrx_word' id='word_1_348' title='bbox 1344 4511 1433 4590; x_wconf 76' lang='grc' dir='ltr'><strong>εἶναι,</strong></span> <span class='ocrx_word' id='word_1_349' title='bbox 1455 4517 1507 4577; x_wconf 76' lang='grc' dir='ltr'><strong>καί</strong></span> 
     </span>
    </p>
   </div>
   <div class='ocr_carea' id='block_1_9' title="bbox 0 0 1634 5282">
    <p class='ocr_par' dir='ltr' id='par_1_9' title="bbox 0 0 1634 5282">
     <span class='ocr_line' id='line_1_37' title="bbox 0 0 1634 5282; baseline 0 3"><span class='ocrx_word' id='word_1_350' title='bbox 0 0 1634 5282; x_wconf 95' lang='lat' dir='ltr'><strong> </strong></span> 
     </span>
    </p>
   </div>
  </div>
 </body>
</html>
