3258 5278
1241 321 1303 386 175

89 503 291 588 συγκλητικῶν
314 501 471 588 ἀρχόντων
492 507 561 587 τιρί
582 513 641 567 τῶν
664 501 970 569 αότοῦόιδασκάλοιν
992 507 1046 566 καί
1065 507 1225 590 μαθητῶν,
1248 513 1304 571 καί

87 641 163 693 τινας
183 621 275 685 οἰτόν
295 625 351 685 καί
370 624 592 706 καταρηνόσας
614 626 739 705 τραπείς
760 624 814 685 καί
837 625 917 685 κατὰ
940 633 997 685 τῶν
1019 625 1163 700 τοιούτοιν
1183 623 1301 711 ἰκιιλη·

85 749 258 815 οιαστικόν,
284 737 420 823 ἰλόλησί
446 758 529 811 τινας
556 747 725 824 τηνικαῦτα
750 744 805 803 καί
830 738 900 803 κατ’
928 737 1027 804 αὐτῶν
1057 739 1172 818 ἀκοάς,
1200 747 1239 806 τά
1266 743 1301 806 δί

84 857 131 942 ην,
152 861 233 921 κατὰ
256 863 311 942 μίν
334 867 387 921 τού
410 857 587 940 οἰκονόμου,
611 856 653 929 ιδς
675 857 790 943 ἥκουσι
811 863 880 944 περὶ
902 855 996 922 αύτοό
1023 857 1200 950 ότυιοίιτος
1222 861 1301 924 Χιό-

84 997 140 1048 νιος
160 981 245 1060 ταρὰ
267 985 321 1040 τοῦ
344 975 518 1060 Σταχύτίη,
546 975 589 1053 ὃς
611 977 658 1040 ίτι
682 967 752 1046 ταῖς
781 975 822 1040 ὢν
849 977 865 1041 ό
893 978 1057 1062 οἰκονόμος
1084 978 1247 1061 εἰργάσατό
1274 1003 1303 1044 τι

85 1096 165 1178 ίργον
186 1097 382 1178 κοιραννικόν
403 1101 457 1158 καί
472 1098 695 1178 Ιδαιμονιιοδες,
725 1100 808 1160 κατὰ
835 1099 870 1159 δί
896 1099 952 1160 τού
977 1099 1226 1184 χαρτορύλακος,
1253 1097 1302 1163 ὅτι

86 1215 305 1299 ἀναδεξάμενος
330 1213 349 1278 ό·
375 1211 468 1286 αότότ
492 1215 618 1287 Χιόνιος
644 1217 699 1298 την
725 1220 822 1298 κρίσιν
850 1225 908 1278 τῶν
942 1215 1043 1280 ἰκείσε
1070 1216 1224 1280 Ἰουδαίων
1251 1222 1305 1282 καί

85 1339 132 1406 τότ
155 1337 428 1419 ταριμτιττοόσας
456 1331 559 1410 αὐτοῖς
591 1330 755 1406 ύιτοόίστις
787 1335 963 1410 διευλυτῶν,
997 1333 1101 1418 ἰτειδη
1129 1339 1304 1417 συνίβαινιν

86 1451 194 1518 ἰτιίναι-
211 1457 297 1525 τινός
320 1463 378 1516 τῶν
401 1453 533 1516 ίπυίκάν
555 1455 610 1538 τῆς
630 1455 750 1525 πόλεως
772 1455 891 1523 τούτοις
913 1453 951 1536 δὴ
980 1465 1044 1524 τοῖς
1065 1452 1235 1528 Ἰουδαίοις·
1247 1461 1303 1519 καί

85 1581 191 1634 ιακοόν
214 1569 337 1648 αύτούς,
362 1569 525 1655 ἰξυβρίζειν
548 1593 582 1634 τε
602 1577 658 1635 καί
679 1575 716 1634 τό
737 1573 833 1653 σίβας
854 1575 909 1633 καί
931 1575 981 1634 τόν
1004 1574 1097 1656 νόμον
1114 1569 1214 1636 αὐτῶν
1236 1575 1303 1638 δει·

86 1694 265 1771 νοτσόησας.
281 1687 375 1764 αότός
398 1688 446 1754 ἐπί
468 1701 531 1762 τοῖς
554 1692 721 1766 τοιούτοις,
744 1694 798 1753 καί
821 1691 966 1772 μάλιστα,
990 1687 1037 1754 ὅτι
1059 1693 1110 1753 τόν
1133 1701 1190 1754 τού
1208 1691 1302 1757 Μινυ-

87 1812 149 1879 υίος
169 1805 327 1892 ὑβρίζουσι
341 1812 446 1892 νόμον,
461 1806 500 1871 δι’
516 1805 611 1871 αύτού
626 1809 762 1875 δοδίντα
776 1811 862 1890 παρά
882 1809 970 1884 δευό,
984 1806 1109 1892 ἀπῆλθε
1130 1810 1303 1886 διεγκαλῶν

86 1939 150 2007 τρός
171 1929 221 1989 τόν
245 1927 474 2012 χαρτορύλακα
498 1931 579 1990 κατὰ
592 1937 660 1991 τῶν
681 1927 982 1990 τοιούτον.ἰπυίκιον
1011 1937 1065 2012 της
1090 1930 1222 2003 πόλεως,
1251 1927 1303 1993 ότι

87 2051 132 2106 καί
152 2045 282 2122 ιίπόντι,
307 2043 349 2116 ὥς
373 2042 445 2109 οόδό
470 2053 559 2108 τοῦτο
582 2046 687 2130 καλῶς
707 2053 847 2108 ιιοιούσιν
874 2040 959 2108 οὖτοι
984 2047 1022 2129 δη
1047 2045 1075 2109 οί
1102 2057 1157 2130 τῆς
1184 2048 1302 2119 πόλιοις

87 2163 207 2240 ἔποικοι,
237 2161 286 2227 ὅτι
309 2167 361 2233 τόν
387 2164 498 2226 δούλον
523 2165 616 2227 πλόον
645 2171 700 2226 τοῦ
724 2165 874 2226 δτσιτότου
900 2173 1022 2247 τιμῶσι,
1050 2167 1105 2226 καί
1131 2167 1301 2247 συνοόροί··

88 2287 178 2353 ίοντοι
206 2289 262 2368 μὲν
290 2283 473 2367 παμπληδεί
498 2283 541 2354 εἰς
568 2285 619 2346 τόν
645 2285 718 2345 ναόν
746 2290 799 2344 τού
829 2279 917 2360 ἁγίου
949 2284 1220 2366 μεγαλομάρτυρος
1248 2288 1304 2347 καί

89 2404 265 2486 μυροβλότοο
289 2401 482 2488 Δημητρίου,
505 2404 558 2464 τόν
584 2403 619 2464 u
646 2403 720 2464 ναόν
747 2411 800 2464 τού
827 2402 977 2464 δεσπότου
1005 2411 1140 2485 σωτῆρος
1167 2402 1302 2485 Χριστοῦ

87 2529 331 2607 ταροτρίχυυσιν,
354 2521 435 2584 εἶπεν
451 2516 534 2605 αύτῷ
547 2521 646 2606 δηόιν
668 2518 685 2582 ό
708 2523 918 2606 χαρτορύλαξ,
942 2518 988 2582 ότι
1010 2521 1102 2584 πλίον
1125 2532 1251 2604 τιμῶσιν
1274 2520 1304 2584 οἱ

89 2641 316 2716 Θισσαλονικείς
347 2643 399 2704 τόν
431 2644 572 2724 μάρτυρα
603 2648 656 2702 τοῦ
686 2639 830 2722 Χριστοῦ.
866 2644 945 2702 κατὰ
983 2641 1025 2702 δὲἸ
1049 2649 1102 2702 τοῦ
1135 2641 1303 2704 σακελλίου

90 2757 142 2822 εἶτε
163 2765 227 2843 μίν,
252 2762 295 2844 μη
319 2764 481 2837 γινιίσκειν
503 2781 532 2822 τι
553 2755 622 2821 κατ’
645 2755 752 2833 αἰτοῦ,
781 2757 914 2822 οἰκοῦσαι
936 2759 969 2820 δὲ
998 2763 1082 2840 παρὰ
1111 2769 1163 2821 του
1186 2759 1303 2824 οἰκείου

89 2878 122 2959 τῷ
141 2884 292 2961 κρατίστῳ
314 2877 370 2942 καὶ
393 2875 471 2961 ἁγίιρ
495 2899 553 2961 μοο
576 2873 783 2959 αὐτοκράτορι
804 2885 862 2959 κύρ
879 2877 1039 2960 ,Γευργίου
1066 2887 1119 2938 τοῦ
1142 2877 1320 2958 Ἀγγίλου,,

89 2991 176 3066 ύςυί
196 2999 321 3072 δοξάζει
343 3007 459 3078 νεκρῶν
484 2994 661 3060 άνάστασιν.
685 3005 743 3058 τῶν
770 2997 914 3058 τοιούτων
937 2993 990 3059 ούν
1019 2994 1121 3058 οἰκυῶν
1149 2997 1302 3083 λαληότι-

90 3125 140 3177 σον
159 3116 202 3200 τῷ
222 3119 303 3191 τότε,
327 3113 522 3200 διείρηται,
549 3117 633 3194 καγό
655 3124 714 3176 τῶν
737 3112 903 3196 εἰρημίνυιν
927 3113 1195 3198 ίακληοιαοτικιόν
1213 3121 1303 3199 ,παρὰ

89 3242 132 3294 τοο
152 3235 291 3297 τοιούτου
313 3233 439 3296 Χιονίου
465 3229 637 3316 ύπερετίόη
660 3235 735 3302 τίως
764 3229 783 3315 ἡ
810 3231 879 3314 περὶ
906 3228 1004 3294 αὐτῶν
1032 3231 1169 3306 ἰξότασις
1195 3235 1247 3310 διὰ
1269 3240 1304 3299 τό

89 3355 216 3434 Ιχηρεύειν
239 3354 295 3436 την
318 3349 491 3436 α’γιοιτάιην
514 3352 698 3436 μητρόπολιν
722 3351 953 3436 Θεσσαλονίκης
977 3351 1144 3437 ἀρχιερίιυς
1167 3359 1304 3438 γνησίου,

91 3469 145 3534 ἐπεὶ
165 3474 199 3536 δί
221 3473 315 3537 πάλιν
337 3470 481 3555 ίλαληύη
504 3481 600 3534 ταῦτα
622 3470 677 3533 καὶ
699 3469 748 3534 ἰπὶ
770 3481 824 3555 τῆς
846 3469 932 3556 ἡμῶν
956 3475 1152 3556 μετριότητος
1175 3471 1229 3535 καί
1253 3483 1306 3557 της

91 3591 145 3672 τερί
166 3589 260 3678 αότήν
284 3591 367 3674 ἱεράς
389 3594 444 3652 καί
466 3593 557 3661 δείους
575 3593 703 3653 συνόδου
725 3591 929 3674 ἰξοταίούσης
951 3595 989 3654 τό
1012 3595 1094 3654 κατὰ
1116 3595 1167 3653 τόν
1184 3591 1306 3658 Χιόνιον

92 3718 230 3794 ταρουσίιρ
252 3695 313 3774 καί
330 3719 382 3773 τοῦ
406 3715 569 3792 κρατίστου
592 3710 647 3772 καί
670 3707 760 3786 ἁγίου
783 3731 841 3792 μου
857 3706 1093 3792 αὐτοκράτορος,
1117 3707 1169 3772 καὶ
1194 3709 1306 3796 ἐκρίθη

94 3839 233 3912 προσηκον
263 3829 340 3892 εἶναι
369 3827 422 3890 καί
449 3828 582 3904 δίκαιον,
611 3831 771 3911 ἐπιστῆναι
797 3829 853 3890 καὶ
880 3825 995 3906 αὐτούς
1018 3827 1061 3897 εἰς
1088 3829 1141 3909 τὴν
1169 3829 1306 3904 σύνοδον,

97 3951 254 4030 γράψαντες
278 3947 496 4031 ίιτεσεήψαμεν
520 3945 623 4018 αότοίς
645 3947 812 4030 ἐπιστῆναι,
837 3947 928 4008 ἔνθεν
943 3967 991 4006 τοι
1005 3945 1059 4006 καὶ
1078 3942 1126 4009 ὑπ’
1142 3945 1308 4041 ἀσθενείας

96 4062 150 4146 ἅμα
170 4068 223 4130 καὶ
246 4071 346 4152 γηρος
370 4077 423 4150 τῆς
449 4071 525 4150 πρός
550 4063 634 4152 ἡμᾶς
661 4065 806 4151 ἅψασθαι
833 4065 1035 4128 κωλυθέντιυν
1064 4075 1114 4128 τού
1142 4067 1323 4150 οἰκονόμου,

96 4203 122 4244 τι
140 4185 266 4249 καὶτοῦ
288 4187 533 4270 χαρτορύλακος,
557 4183 672 4248 ἄνιισιν
694 4183 711 4246 ό
731 4185 901 4259 οακελλίου
925 4184 1046 4266 σύναμα
1069 4185 1109 4266 τῷ
1132 4185 1181 4248 ίπὶ
1203 4187 1306 4262 θυγα-

97 4302 283 4388 ιρίγαμβρῲ
309 4313 362 4366 τοῦ
383 4295 629 4388 ’χαρτορύλακος
661 4303 702 4384 τῷ
727 4301 895 4384 Παμφίλῳ,
929 4299 1084 4365 ὲτιστάντι
1114 4305 1226 4384 δικαίῳ
1254 4312 1307 4365 τού

96 4424 220 4486 τοιούτου
239 4425 402 4504 πενθεροῦ
436 4418 542 4497 αύτυό,
577 4425 697 4506 γραφὰς
730 4417 944 4504 ἐπιφερόμενοι
976 4419 1031 4484 καὶ
1063 4417 1162 4482 αἰτῶν
1195 4422 1308 4483 τούτων

99 4537 322 4628 ἆτυλογητικάς,
348 4545 398 4605 ἔτι
416 4564 448 4604 τε
471 4541 525 4603 καί
549 4545 659 4604 σεπτόν
681 4546 865 4622 πρόσταγμα
888 4549 940 4600 τού
959 4545 1125 4621 κρατίστου
1139 4539 1193 4602 καὶ
1217 4539 1307 4615 ἁγίου
