3282 5270
1297 295 1359 358 503
1431 311 1438 320 ·

144 475 226 564 αύτῷ
240 483 275 542 τό
290 480 416 543 σύνολον
432 480 537 541 τούτου
551 475 665 554 ύνειιεν,
681 475 832 562 ὀφείλοντι
847 476 1020 561 λπιμόλειαν
1043 481 1197 542 ποιεῖσθαι
1211 477 1266 542 οιαὶ
1280 500 1356 559 προ-

141 603 289 663 νοεῖσθαι·
307 610 365 662 των
388 599 441 662 σύν
464 595 546 680 αύτῷ
566 594 788 681 εὑρισκομένων
810 601 914 680 ψοχιῐιν
946 601 1000 659 ιταί
1021 599 1096 678 πρὸς
1117 601 1213 680 νομὰς
1236 595 1356 680 ύδηγεῑν

142 711 241 786 αύτάς
263 719 423 799 σωτηρίας,
446 713 662 798 ἐπιμελεῖσθαί
693 737 726 776 τε
746 720 801 777 τισί
823 722 876 798 της
899 717 1073 782 συστάσεως
1095 725 1152 775 τῶν
1184 717 1357 794 προσόντων

143 828 223 915 αύτφ
245 837 299 896 τιαί
322 834 508 914 βελτιώσεως
530 835 585 896 ιταί
604 841 659 916 της
681 831 723 905 είς
745 835 779 896 τό
801 843 938 916 κρεῖττον
958 836 1041 896 κατὰ
1060 835 1094 894 τό
1109 833 1236 894 δυνατόν
1252 829 1356 897 ἀπιδό-

142 971 237 1026 σειις,
267 955 386 1014 πάντων
406 961 467 1018 ,των
489 953 544 1016 σύν
566 949 648 1034 αύτῷ
668 950 850 1037 ὀφειλόντων
871 953 924 1035 την
946 956 1162 1035 προσήκουσαν
1195 947 1357 1032 ἀπονίμειν

90 1113 93 1118 -
142 1065 227 1152 αύτῷ
258 1067 410 1153 ὑποταγὴν
442 1075 497 1132 τισί
529 1072 616 1154 τιμην
642 1074 697 1133 ταί
717 1066 891 1134 εὐπείθειαν
913 1075 967 1132 ιιαί
991 1074 1173 1154 πειθαρχεῖν
1196 1065 1287 1152 αὐτῷ,
1310 1065 1357 1154 ἀφ’

142 1185 188 1258 οἶς
211 1185 248 1250 ἀν
272 1187 342 1271 ἔχοι
362 1184 462 1266 λίγειν
484 1191 558 1271 πρύς
580 1186 701 1266 αύτούς,
723 1187 876 1275 ἀφορῶσιν
899 1188 942 1260 είς
969 1191 1100 1272 ψυχικὴν
1127 1193 1278 1270 σωτηρίαν
1300 1183 1358 1250 αύ-

140 1315 200 1366 των
233 1310 288 1368 ιιαί
321 1305 363 1377 είς
395 1314 541 1370 σύστασιν
562 1316 621 1369 των
643 1317 697 1391 της
719 1315 814 1390 μονῆς
835 1312 998 1390 ιιτημάτων
1020 1329 1052 1370 τε
1077 1311 1132 1370 ιιαί
1162 1309 1358 1388 πραγμάτων,

139 1425 195 1484 ιιαί
208 1423 341 1506 μηδενός
363 1421 449 1495 ὄντος
472 1433 525 1486 τού
540 1427 593 1506 την
609 1422 784 1508 οἱανδητινα
805 1425 1001 1508 διενύχλησιν
1028 1421 1191 1501 ἐπαγαγεῖν
1215 1421 1357 1508 ύφείλον-

140 1560 193 1610 τος
216 1534 298 1624 αύτᾴ
318 1539 338 1626 ἢ
361 1542 516 1625 ίαὴρεισν,
538 1547 622 1626 παρὰ
643 1553 697 1626 τῆς
719 1539 804 1626 ἡμῶν
827 1555 1020 1628 μετριότητος
1042 1545 1228 1606 καταστάντι
1250 1545 1357 1624 καθη-

138 1662 278 1742 γοομίνιρ
299 1665 355 1723 ααί
376 1658 600 1744 ἀρχιμανδρίτη
621 1671 676 1746 τῆς
698 1671 792 1746 μονης
814 1664 925 1746 ταύτης
947 1667 1001 1724 ιιαί
1023 1661 1123 1747 λφόριρ
1145 1665 1200 1723 ασιί
1223 1662 1354 1742 διηγητῇ

138 1780 194 1838 ταί
226 1755 378 1860 οίιιονύμιρ
410 1782 465 1840 ειαί
485 1783 642 1862 προστάτῃ
665 1775 758 1862 αύτης
781 1776 826 1863 ἀφ’
849 1777 909 1862 ὅριρ
935 1783 1037 1862 πάσης
1064 1788 1118 1862 τῆς
1151 1783 1230 1862 ζωῆς
1250 1747 1355 1838 αύτού.

138 1895 248 1956 τούτου
279 1898 338 1976 γὰρ
360 1899 450 1977 χάριν
473 1893 658 1958 ἀπολίλοται
680 1893 761 1978 αύτῷ
782 1901 836 1958 ναί
857 1899 891 1958 τό
913 1900 1017 1980 παρόν
1033 1901 1159 1978 γράμμα
1186 1904 1239 1976 τῆς
1271 1890 1357 1974 ἡμῶν

139 2015 335 2096 μετριότητος
367 2011 406 2076 δι’
434 2013 614 2100 ἀσφάλειαν.
641 2013 756 2098 ύρείλει
782 2019 886 2098 μέντοι
908 2013 925 2078 ύ
947 2023 1084 2085 τοιοῦτος
1116 2015 1356 2094 καθηγούμενος

137 2133 193 2192 τιαί
215 2109 454 2216 ἀρχιμανδρίτης
476 2141 529 2216 της
551 2133 747 2217 δηλωθείσης
768 2135 880 2218 ταύτης
903 2135 1074 2215 σεβασμίας
1102 2141 1208 2214 μονῆς,
1230 2129 1355 2212 ἱερομό-

136 2267 235 2331 ναχος
267 2257 325 2332 ιιύρ
345 2248 516 2332 Μακάριος,
548 2255 757 2332 παραπέμπειν
780 2248 847 2313 κατ’
882 2251 949 2321 ἔτος
970 2253 1046 2332 πρὸς
1068 2253 1102 2312 τύ
1134 2250 1355 2330 πατριαρχιιιύν

136 2367 261 2429 τιελλίον
294 2367 369 2451 δίχα
390 2369 484 2444 λόγοο
510 2370 589 2438 τινός
612 2370 646 2431 τύ
668 2369 802 2451 σύνηθες
825 2371 988 2430 τιανονιιιόν
1009 2371 1064 2430 ιιαί
1085 2371 1124 2428 τὰ
1147 2369 1267 2450 συνήθη
1299 2369 1355 2428 ιιαί

140 2489 401 2566 (ααοτετσγμίνα)
423 2489 569 2548 ιιανίσιτια
591 2489 621 2564 †.
646 2484 789 2568 ἀπελύθη
811 2495 849 2570 τη
870 2485 910 2568 λη’
931 2490 961 2562 †.

221 2607 242 2680 †
275 2602 381 2687 Εἶχε
406 2606 484 2666 τιαί
508 2604 679 2688 διάτης
704 2611 1046 2686 πατριαρχιιιης
1075 2607 1228 2683 τιμίας
1261 2621 1353 2684 χει-

137 2725 210 2806 ρός
241 2725 307 2786 τύ·
342 2726 445 2807 μηνί
476 2719 699 2806 ἀτριλλίιρ
729 2722 808 2786 ίνδ.
842 2721 865 2793 [¹
894 2723 926 2799 †.

386 3008 551 3076 OOXLVI.
571 3007 811 3086 (6877-1369)
829 3007 924 3072 iunio.
938 3005 1002 3072 ind.
1023 3007 1091 3071 vn.

133 3165 289 3220 ὒτνιοίήιεε
312 3165 425 3219 cums
450 3175 476 3219 εί
497 3166 603 3220 Daniel
624 3169 756 3220 abiurant
777 3166 944 3221 Latinorum
964 3175 990 3220 εί
1004 3165 1147 3219 Bau-laam
1167 3175 1193 3218 εί
1214 3162 1353 3236 Ασάιειίμιιὶ

686 3303 801 3342 emm.

217 3427 441 3514 γἘπειδήτερ
467 3440 573 3501 ιιαιιως
598 3433 781 3514 ποιήσαντες
807 3427 885 3512 ἦμεν
907 3432 941 3492 τό
968 3439 1085 3512 πρῶτον
1109 3426 1148 3492 δι’
1176 3427 1350 3514 ἀφροσύνης

131 3551 186 3610 ιιαῐ
209 3547 251 3630 μὴ
266 3555 480 3618 ιιοινωνοοντες
502 3549 544 3630 τῷ
563 3551 783 3630 ταναχιωτάτιρ
804 3543 890 3631 ἡμῶν
913 3544 1049 3630 αύθίνιη
1072 3549 1126 3610 ταί
1147 3549 1291 3629 δεσπύιη,
1306 3545 1349 3629 τῷ

133 3664 337 3749 οίιιοορανιτιῲ
356 3669 542 3750 πατριάρχη,
565 3670 619 3729 ταί
640 3678 678 3750 τῇ
699 3671 767 3750 περὶ
789 3663 880 3728 αὐτόν
904 3669 979 3747 θεία
1000 3665 1055 3729 τισὶ
1071 3664 1143 3748 ἱερά
1165 3666 1292 3746 σονύδιρ,
1316 3667 1350 3727 τό

134 3787 188 3864 μὲν
210 3780 296 3869 ἡμῶν
319 3779 416 3846 αύτιῑιν
437 3786 545 3856 θόντες
568 3787 644 3867 μετὰ
666 3793 719 3847 τού
741 3783 920 3848 Ἀτιινδύνοο
949 3781 1067 3846 ἐκείνου
1093 3788 1148 3846 τιαί
1170 3793 1227 3846 τῶν
1249 3780 1350 3846 Λατί-

133 3919 200 3976 νων,
216 3899 248 3962 ἐν
265 3899 309 3971 οἷς
324 3899 379 3963 ιιαί
392 3902 551 3978 διάγοντες
565 3900 641 3966 καθ’
654 3898 821 3985 ὑπερβολὴν
834 3901 1000 3984 ἐδιώξαμεν
1011 3904 1063 3984 τήν
1076 3911 1129 3964 τοῦ
1141 3903 1220 3964 θεοῦ
1232 3899 1349 3982 ἔκκλη-

133 4024 211 4092 αίαν,
223 4027 275 4080 νῦν
288 4019 322 4080 δί
335 4015 437 4090 αύτοίς
448 4024 690 4104 προσερχόμενοι
702 4019 755 4082 ιιαὶ
768 4022 1116 4104 βοολόμενοιιιοινωνειν,
1131 4016 1349 4100 ἀπαιτούμεθα

132 4138 225 4216 λόγον
239 4140 308 4218 περί
322 4147 375 4222 τῆς
391 4137 423 4200 ἐν
437 4137 508 4222 ἡμίν
522 4144 662 4216 πίστεως,
680 4139 758 4215 ἰδού,
779 4141 908 4222 λὲγομεν
929 4135 1021 4200 οὕτω·
1042 4141 1221 4222 πιστεύομεν
1238 4137 1280 4208 είς
1294 4135 1350 4198 ἕνα

132 4259 207 4319 θεόν
222 4275 253 4319 ιι.
268 4277 293 4318 τ.
309 4255 337 4317 λ.
354 4254 414 4338 ἀρα
431 4262 486 4340 μίν
502 4255 553 4321 οὖν
569 4267 665 4320 ταῦτα
681 4304 750 4320 ....
768 4261 846 4340 μόνα
858 4259 1015 4340 λεχθέντα
1028 4253 1099 4341 ἡμῖν
1115 4256 1158 4328 είς
1175 4255 1278 4338 ἐντελῆ
1295 4259 1350 4316 καί

132 4377 259 4455 βεβαίαν
275 4371 427 4447 ἀπόδειξιν
441 4379 580 4446 πίστεως.
597 4374 645 4438 ἐπὶ
660 4377 693 4436 δὲ
710 4379 764 4436 ιιαί
777 4378 847 4455 περί
859 4385 915 4436 των
925 4372 1064 4437 Λατίνων
1075 4373 1129 4436 οιαὶ
1141 4383 1194 4436 τοῦ
1205 4371 1349 4437 Ἀτιινδύ-

129 4514 182 4556 νοο
197 4493 315 4556 ἀιιτίνοο
329 4491 575 4577 ἀναγκαζόμεθα
586 4516 614 4556 τι
629 4494 728 4561 εἰπεῖν,
744 4493 821 4570 ἰδοὺ,
839 4495 968 4576 λέγομεν
984 4496 1067 4570 τάδε,
1083 4497 1137 4556 καί
1152 4502 1268 4575 πρῶτον
1284 4496 1350 4574 περὶ
