3258 5282
1234 333 1297 396 369

50 510 169 585 αὐτοῖς
204 521 388 598 περιπίπτων
420 521 474 580 καί
507 517 713 601 ἁλισκόμενος
745 517 922 602 ἁτοπημάσι
953 521 1009 582 καί
1040 516 1297 608 ἁπηγομευμένοις

50 631 182 714 ἔργοις,
210 631 255 704 ὑις
277 633 402 718 εἴρηται,
431 633 717 719 ἀπαλλοτριυόσθαι
741 637 896 707 παντελῶς
924 641 978 720 τὴς
1004 633 1169 719 ἱερωσύνης
1197 633 1297 716 ἆσυμὲ

50 753 191 822 καθώς,
221 755 276 812 καί
298 755 374 834 μήτε
396 757 481 836 παρὰ
506 761 559 816 τοῦ
586 758 750 836 κρατίστου
777 759 832 816 καί
857 751 948 831 ἁγίου
975 773 1034 836 μου
1063 749 1298 835 αὐτοκράτορος,

52 875 139 952 μήτε
170 874 265 952 παρὰ
292 869 472 954 ἀρχιερέως,
505 876 582 957 μήτε
610 873 644 935 δέ
670 875 723 936 διά
738 893 828 944 τινος
854 883 927 936 τῶν·
942 881 1153 954 πνευματικῶν
1183 869 1300 953 ἀνδρῶν

53 995 234 1071 μεσιτείας
267 987 346 1059 ὅλως
379 989 545 1074 έπιτυχείν,
574 988 614 1058 ,οὐ
648 993 710 1076 μὴν
737 991 818 1056 ἀλλὰ
845 997 900 1056 καί
927 993 1023 1063 εἴτις
1049 1003 1106 1054 τῶν
1133 994 1215 1053 κατὰ
1247 991 1300 1073 τὴν

56 1110 286 1181 θεοδόεαστυιί
307 1110 418 1192 ταότην
441 1109 759 1186 Κωνσταντινοὺαυλιν
782 1112 1034 1195 ἁπυτεταγμίνων
1062 1110 1197 1194 ἐξάρχων
1208 1112 1302 1178 κατὰ

56 1229 114 1289 τὺν
140 1225 428 1311 ἀναγεγραμμένον
451 1233 569 1312 τρόπον,
592 1234 748 1308 γινώσκων
770 1236 855 1302 τινας
870 1242 926 1293 τῶν
950 1230 1053 1312 ἱερέων
1076 1226 1132 1300 ὑπό
1155 1231 1208 1312 τὴν
1221 1229 1301 1291 -ένυ-

58 1351 132 1426 ρίαν
159 1343 264 1420 αὑτοῦ
285 1349 506 1432 περιρρυνητὰς
518 1353 581 1420 καί
602 1353 866 1433 κατεγνωσμένους
880 1352 1032 1431 βιοῦντας,
1056 1349 1185 1432 θελὴσει
1205 1339 1227 1431 ὴ
1248 1346 1303 1408 διὰ

58 1465 173 1548 ριλίαν
186 1463 225 1548 ’ὴ
248 1467 301 1527 διά
324 1470 501 1542 συγγένειαν
522 1467 543 1551 ὴ
564 1467 641 1532 καθ’
665 1461 839 1552 οίυνδὴτινα
861 1461 969 1552 τρόπον
991 1468 1094 1551 ἕτερον
1108 1467 1304 1550 καρυποκρύ·

57 1599 156 1646 ατειν·
173 1579 480 1662 καίσυγκαλόπτεεν
503 1583 613 1657 αὐτυὺς
634 1589 689 1649 καί
712 1589 753 1670 μὴ
776 1588 943 1672 διαρρήδην
966 1579 1127 1672 ἀναφέρων
1148 1595 1186 1668 τη
1216 1581 1303 1666 ἡμῶν

63 1707 263 1788 μετριότητι,
287 1702 305 1768 ό
327 1698 539 1775 τοιουτος-καί
562 1710 687 1789 μείζονα
708 1706 763 1788 τὴν
785 1708 950 1790 κανονικὴν
974 1695 1108 1789 ,εὐθύνην
1127 1708 1182 1766 καί
1203 1705 1304 1766 κατά-

61 1837 169 1904 κρισιν
197 1819 419 1905 ὑποστὴσεταε,
435 1820 484 1886 ὀὐ
512 1827 604 1906 μόνον
631 1827 702 1904 περὶ
727 1825 779 1906 τὴν
809 1811 972 1907 ἱερωσὺνην
997 1819 1113 1898 αὐτοῦ’,
1144 1796 1306 1885 ἀλλὰκαὶ

65 1943 135 2023 περὶ
159 1939 489 2026 τὴνὰνατεθειμένην
511 1945 606 2026 τούτιρ
634 1941 800 2026 έίαρχικὴν
828 1939 995 2027 ὑπηρεσίαν
1016 1947 1077 2005 ’καί
1104 1943 1226 2029 ένυχὴν.
1254 1941 1306 2002 διὰ

68 2061 129 2139 γὰρ
151 2066 250 2120 τοῦτο
275 2061 332 2121 καί
352 2055 372 2143 ὴ
394 2068 553 2142 ’παροῦσαι
566 2061 667 2144 γραφὴ
683 2069 748 2143 τῆς
769 2057 855 2145 ὴμῶν
878 2063 1084 2143 μετριότητος,
1114 2057 1305 2121 ἀπολυθεῖσα

69 2171 155 2246 κατὰ
180 2185 271 2260 μῆνα
292 2171 476 2260 δεκέμβριον
501 2185 555 2240 τοὺ
577 2196 603 2260 ,ς
624 2179 687 2250 'mk
709 2177 734 2250 ς’
761 2177 863 2253 έτυυς,
890 2179 1092 2259 κατεστρώθη
1112 2165 1152 2238 ’έν
1178 2187 1239 2245 τοῖς
1261 2173 1305 2236 ἱε-

68 2304 137 2374 ροῖς
159 2295 327 2366 κυδικίοις
349 2291 401 2358 διὰ
423 2297 477 2378 τὴν
500 2296 610 2366 εἰς’τό-
624 2291 693 2380 έξὴς
716 2289 833 2380 είδησιν
854 2299 909 2358 καί
931 2293 1100 2378 ἀσφάλειαν
1122 2297 1152 2372 †.

156 2533 179 2608 †
205 2531 379 2612 Στέργυμεν
401 2529 650 2614 καίὲμμένυμεν
673 2523 805 2602 ἁπαντες
828 2530 860 2604 ἐξ
883 2529 958 2615 ὑλης
982 2533 1081 2616 ψυχης
1106 2534 1161 2592 καί
1183 2533 1303 2592 διανοί-

83 2655 122 2717 ας
141 2647 191 2720 τὶς
211 2647 289 2715 ὅσον
309 2659 450 2734 παραινεῖ
469 2653 544 2732 πρὸς
569 2645 652 2732 ἡμᾶς
674 2647 691 2712 ό
713 2652 955 2724 παναγιιὺτατος.
969 2645 1055 2731 ἡμῶν
1082 2651 1233 2730 δεσπότης
1254 2651 1309 2708 καί

77 2763 298 2850 οὶκουμεντκὺς
319 2771 510 2850 πατριάρχης
532 2768 588 2834 διὰ,
608 2776 661 2848 τῆς
675 2767 843 2848 παροὺσης,
865 2771 919 2828 καί
935 2763 1169 2849 ὑπισχνοὺμεθα
1192 2766 1308 2850 φυλάτ-

81 2863 149 2944 τειν’
168 2893 271 2948 ταῦτα
294 2885 552 2969 ἁπαρεγχείρητα,
581 2885 608 2946 εὐ
634 2883 660 2947 δ’
688 2882 750 2960 οὑν,
776 2883 828 2945 ἵνα
849 2883 929 2968 ὦμεν
957 2889 1184 2966 γεγυμνωμένα
1209 2887 1311 2966 πάσης

81 2999 247 3088 ἱερωσύνης
270 3009 299 3081 †.
323 3009 343 3082 †
365 3003 399 3069 ‘0
423 3006 614 3075 διδάσκαλος
636 3013 690 3066 τοῦ
713 3001 894 3081 εὐαγγελίου
915 3003 970 3068 καὶ
993 3003 1124 3086 ἔξαρχος
1145 3004 1311 3084 πρεσβύτε-

85 3141 135 3198 ρος
149 3119 303 3207 Μανουὴλ
318 3121 335 3186 ό
352 3171 359 3185 .
377 3171 383 3184 .
402 3171 409 3185 .
426 3127 455 3199 †.
479 3127 499 3200 †
520 3121 555 3186 ‘0
579 3123 703 3194 έκδικυς
727 3133 783 3184 τῶν
806 3128 936 3204 κρίσεων
953 3131 1006 3205 τὴς
1022 3101 1194 3206 ἁγιωτάτλης
1210 3123 1310 3202 μεγά-

86 3236 140 3320 λης
163 3248 218 3302 τοὺ
241 3243 322 3302 θεοῦ
344 3238 674 3324 έκκλησίας,“έξαρχυς
696 3245 750 3303 καί
765 3242 986 3323 ταβουλλὰριος
1000 3241 1129 3324 Μιχαὴλ
1151 3239 1310 3303 ὑΒαλσα-

87 3358 150 3436 μέν
170 3362 211 3422 τά
238 3355 406 3441 ὁρισθέντα
432 3364 492 3421 καί
509 3348 691 3424 ’τυπωθέντα
724 3364 856 3441 στέργων
885 3356 1044 3442 ὑπέγραψα
1066 3364 1095 3436 †.
1124 3363 1145 3435 †
1166 3357 1200 3421 ‘0
1224 3358 1311 3418 έκόι-

88 3491 140 3545 ῑῡς
162 3487 222 3542 τῶν
245 3483 375 3560 κρίσεων
397 3477 527 3562 Μιχαὴλ
548 3477 565 3541 ὑ
588 3477 722 3562 Τεμενὺς
744 3481 798 3540 καί
821 3478 959 3561 ἔξαρχος
977 3483 1015 3541 τὰ
1038 3474 1172 3560 ῥηθέντα
1194 3481 1248 3536 καί
1271 3473 1310 3537 ἀ-

90 3601 287 3678 κοψανθέντα
308 3601 441 3680 στέργων
469 3595 629 3682 ὑπέγραψα
654 3602 684 3674 †.
714 3602 734 3674 †
759 3596 794 3661 Ὀ
818 3598 942 3667 έκδικος
969 3601 1022 3659 καί
1048 3596 1242 3677 κατηχητὴς,
1257 3602 1311 3676 της

92 3709 262 3800 ἁγιωτάτης
293 3725 347 3779 τοῦ
381 3719 459 3778 θεοῦ
493 3720 633 3800 μεγάλης
666 3715 835 3799 ἐκκλησίας
864 3721 918 3777 καί
952 3715 1081 3796 ἔξαρχος
1103 3713 1261 3783 Νικόλαος
1290 3707 1313 3774 ό

94 3825 233 3916 Πηγηνὺς
253 3840 296 3898 τὰ
318 3833 482 3918 ὁρισθέντα
502 3839 634 3916 στέργων
657 3833 820 3916 ὑπέγραψα
839 3837 867 3910 †.
891 3837 910 3908 †
932 3832 966 3894 ‘0
990 3833 1114 3902 ἔκδικος
1136 3837 1188 3894 καί
1211 3853 1313 3918 κατη-

96 3953 187 4032 Χηίὴς
208 3965 264 4037 τῆς
287 3952 460 4036 ἁγιωτάτης
482 3961 534 4015 τοῦ
557 3957 634 4016 θεοῦ
658 3954 796 4035 μεγάλης
823 3953 992 4036 ἐκκλησίαις
1021 3954 1150 4036 ἔξαρχος
1176 3958 1231 4015 καί
1256 3977 1312 4016 τα-

98 4063 272 4154 βυυλλάριος
295 4071 435 4156 Ἰωάννης
458 4063 654 4154 ὑΠελιυίτης
676 4075 714 4132 τά
738 4067 875 4154 ρηθέντα
900 4073 955 4132 καί
978 4069 1198 4154 ἁπορανθέντα
1225 4077 1314 4155 στέρ-

101 4201 154 4257 γων
179 4184 340 4273 ὑπέγραψα
367 4193 396 4266 †.
428 4195 448 4268 †
475 4190 510 4255 Ὁ
538 4189 662 4260 ἔκδικος
688 4194 742 4252 καί
768 4191 949 4273 κατηχητὴς
974 4199 1029 4271 τῆς
1064 4189 1236 4273 ἁγιωτάτης
1261 4201 1314 4254 τοὺ

103 4303 171 4368 δεοὺ
192 4311 330 4391 μεγάλης
354 4307 533 4392 ἐκκλησίας,
558 4309 686 4392 ἔξαρχος
702 4313 766 4370 ’καὶ
794 4310 1014 4391 ταβυυλλὰριυς
1036 4307 1163 4392 Μιχαὴλ
1190 4308 1206 4371 ὑ
1230 4309 1313 4373 Κου-

105 4429 241 4514 ταριὺτης
267 4433 305 4490 τά
333 4423 469 4508 ψηθέντα
497 4433 551 4490 καί
583 4427 801 4512 ἁπορανθέντα
829 4432 960 4509 στέργων
988 4425 1149 4511 ὑπέγραψα
1175 4433 1204 4504 ὴ.
1236 4425 1260 4505 f
1282 4427 1315 4491 Ὁ

21 4547 25 4562 ’
108 4533 160 4602 ἆκὺ
180 4557 229 4609 τοὺ
252 4545 383 4624 εὑαγυὺς
399 4547 560 4628 βασιλικοῦ
583 4546 698 4628 κλὴρου
722 4557 779 4608 τῶν
796 4547 978 4630 Ἰόλαχερνιίνν
994 4545 1165 4628 οἰκονόμος,
1182 4547 1314 4626 ταβουλ·

989 4699 993 4706 .
1094 4653 1125 4702 2⁴
