3262 5276
1240 294 1302 354 ³39

88 505 157 562 γειν
179 488 234 546 καί
256 483 446 566 εἰσηγεῖσθαι
470 477 585 556 αὐτοῖς,
613 479 772 565 ἀφορῶντα
794 478 838 550 τίς
860 476 1009 564 ιόφίλειαν
1037 489 1093 542 εῦν
1120 485 1223 562 φυχῦν
1246 475 1303 541 αό-

89 614 155 666 τῠν
176 607 230 665 καί
252 603 395 664 σύστασιν
417 609 474 661 τόν
496 595 627 679 εόσεβῦν
649 601 703 660 καί
724 595 895 680 ὀρθοδόξων
923 597 1083 679 δογμάτων
1109 607 1163 680 της
1186 597 1304 679 ίκκλη-

90 727 166 792 σίας
188 723 274 794 θεοῦ,
296 716 316 803 ἡ
339 722 397 800 γὰρ
417 717 461 788 είς
483 713 575 779 αότῦν
597 715 690 788 αἰδοῦς
710 720 765 778 καί
786 716 858 798 τιμή
878 720 932 777 καί
947 711 1092 796 εὐλάβεια
1107 715 1150 784 εἰς
1164 717 1215 776 τόν
1231 716 1306 776 θεὸν

90 838 290 924 ἀναφίρεται,
312 840 365 900 καί
381 835 424 906 είς
446 836 499 918 τὴν
520 831 606 920 ἡμῶν
628 837 807 918 μετριότητα
828 834 988 914 διαβαίνει,
1012 831 1057 894 ίτι
1078 854 1110 894 τε
1126 836 1180 894 καί
1195 831 1239 902 τίς
1254 833 1307 914 την

90 953 174 1018 καθ’
200 951 284 1040 ἡμᾶς
309 955 399 1016 θείαν
425 956 479 1014 καί
505 951 589 1035 ἱεράν
614 953 749 1016 σῦνοδον.
781 949 896 1036 ὀφείλιι
923 956 1025 1033 μίντοι
1052 945 1140 1020 οὗτος
1167 954 1307 1033 μετίχειν
1414 1021 1419 1028 ,

90 1081 152 1138 καί
173 1085 227 1158 της
249 1083 301 1136 τοῦ
323 1071 405 1155 ἱεροῦ
428 1073 596 1154 συνθρόνου
617 1069 876 1152 ὀγκαθιδρόσεως,
898 1067 940 1141 ὣς·
955 1071 1069 1140 τίλειος
1086 1069 1308 1152 μητροπολίτης

92 1192 219 1272 Κυίβου
240 1195 294 1253 καί
314 1193 415 1274 πάσης
436 1186 579 1264 Ῥωσίας,
602 1187 806 1269 ὀπιλαβίσθαι
827 1210 859 1251 τε
879 1191 934 1251 καί
955 1192 1073 1250 πάντων
1095 1197 1153 1255 των
1175 1184 1309 1268 ὁπουδη-

91 1330 170 1372 πστε
193 1303 413 1390 εὑρισκυμίνοιν
435 1310 489 1368 καί
510 1306 712 1392 διαφερόντων
733 1305 806 1389 τῇδε
829 1316 866 1389 τη
888 1302 1044 1387 ἁγιωτάτῃ
1061 1303 1246 1388 μητροπόλει
1261 1304 1309 1364 δι-

92 1433 194 1489 καίων
216 1424 271 1489 καί
290 1429 469 1507 προνομίων,
492 1429 574 1487 κατὰ
596 1428 654 1506 γὰρ
676 1424 745 1493 τοῦς
766 1426 873 1494 θείους
893 1427 947 1485 καί
961 1421 1060 1504 ίεροῦς
1075 1426 1206 1492 κανόνας
1222 1419 1238 1484 ὀ
1254 1419 1312 1484 αό·

94 1547 149 1616 τός
172 1544 335 1627 ίερότατος
358 1543 582 1626 μητροπολίτης
610 1540 728 1628 ὀφείλει
757 1541 841 1625 ίχειν
868 1543 922 1625 την
949 1539 1085 1615 ἐξουσίαν
1111 1545 1229 1604 πάντων
1255 1551 1313 1603 τῶν

96 1662 275 1748 ἀνηκόντων
297 1672 334 1746 τῇ
356 1659 517 1745 ἐκκλησία,
540 1658 735 1736 ἀναγνώστας
758 1665 930 1746 σφραγίίων
952 1659 983 1722 ἐν
1010 1656 1087 1744 αότῃ
1109 1663 1162 1722 καί
1185 1655 1313 1750 ὑποδια-

95 1771 209 1850 κόνους
231 1783 285 1842 καί
306 1780 466 1849 διακόνους
487 1779 678 1861 προβιβάζων
697 1781 751 1840 καί
762 1761 852 1860 Ιἱερεῖς
866 1789 1046 1862 χειροτονῶν
1062 1782 1115 1839 καί
1129 1780 1228 1841 πάντα
1243 1778 1314 1839 δια-

97 1902 305 1982 πραττόμενος
328 1894 430 1966 ἁπλῶς
453 1894 597 1982 ὀφειμίνα
618 1897 659 1979 τῷ
681 1895 830 1980 ἱερωτάτην
853 1895 991 1980 ἀρχιερεῖ
1005 1897 1125 1978 Κυίβου
1140 1901 1193 1960 καί
1213 1901 1315 1979 πάσης

97 2016 238 2096 Ῥωσίας,
255 2013 435 2101 ὀφειλόντων
454 2018 508 2076 καί
529 2017 645 2075 πάντων
661 2023 719 2076 τόν
740 2013 772 2076 ἐν
794 2009 870 2104 αὕτη
886 2004 1039 2097 κληρικιῦν
1061 2019 1115 2076 καί
1129 2024 1187 2076 τῶν
1202 2012 1313 2086 ἀλλων,

97 2135 279 2217 ίερωμίνεεν,
303 2141 445 2216 μοναχῦν
468 2153 500 2194 τε
521 2136 575 2194 καί
596 2131 722 2206 λαῖκιῦν,
736 2113 922 2196 ὑποκεῖσθαι
942 2138 995 2195 καί
1010 2135 1191 2214 πειθαρχεῖν
1207 2134 1313 2212 τυότιρ,

98 2249 158 2314 ὅσα
181 2253 236 2313 καί
258 2247 361 2330 οίκείιρ
381 2253 502 2331 ποιμίνι
522 2247 577 2310 καὶ
597 2246 688 2330 πατρί
709 2248 763 2312 καὶ
784 2250 963 2332 διδασκάλῳ
986 2255 1039 2313 καί
1062 2255 1170 2331 μεσίτῃ
1186 2251 1240 2310 καί
1261 2249 1309 2308 δι-

98 2371 240 2450 αλλακτῃ
261 2369 300 2428 τά
320 2368 395 2447 πρός
417 2369 468 2428 τόν
488 2369 571 2442 θιῦν,
593 2370 647 2428 καί
663 2367 815 2450 δίχεσθαι
831 2365 969 2450 ἀσμένως
984 2373 1037 2430 καί
1050 2371 1215 2452 προθύμως
1232 2365 1311 2430 ἀπο-

97 2488 243 2570 πληροῦν,
266 2478 326 2544 ῦσα
348 2483 455 2564 μίλλει
475 2493 629 2565 παραινεῖν
650 2486 704 2544 καί
725 2482 919 2578 εἰσηγεῖσθαι
945 2482 1045 2556 αὐτοῖς
1068 2486 1232 2570 ψυχωφιλη
1254 2489 1310 2546 καί

99 2608 244 2688 σωτήρια.
268 2601 330 2665 ἐπεί
353 2602 386 2664 δὲ
410 2599 584 2677 ἀναγκαίως
607 2602 683 2684 ἔχει
696 2599 850 2686 ὀπιδημιῖν
870 2602 1014 2678 ἐνταῦθα,
1036 2601 1086 2688 μῦς
1109 2603 1138 2666 οἱ
1157 2607 1236 2666 θεῖοι
1258 2607 1312 2665 καί

99 2723 175 2806 ἱεροί
189 2725 317 2791 κανόνες
334 2721 603 2802 παρακελεύονται,
619 2723 699 2782 κατὰ
722 2723 756 2782 τό
778 2725 869 2804 χρίος
891 2730 944 2806 τῆς
967 2718 1235 2806 ῦποταγῆς,αότοῦ
1257 2731 1311 2804 τῆς

100 2841 142 2912 είς
169 2843 224 2924 τήν
252 2837 341 2916 ἀγίαν
366 2847 418 2902 τοῦ
445 2843 522 2901 θεοῦ
549 2838 723 2922 καθολικὴν
749 2844 803 2902 καί
830 2839 1033 2924 ἀποστολικήν
1063 2840 1231 2926 ὀκκληαίαν
1257 2846 1311 2902 καί

100 2964 183 3023 κατὰ
205 2961 258 3042 την
281 2960 392 3021 τοῦτων
414 2958 561 3032 διάταξιν,
585 2952 641 3018 οόκ
664 2955 731 3041 ἔχει
752 2957 786 3020 δῦ
809 2953 943 3028 εὐκόλως
969 2956 1101 3027 ἑκάστου
1128 2960 1215 3030 ἔτους
1243 2958 1310 3022 ὀπι-

17 3111 21 3118 »
101 3077 209 3158 δημεῖν
235 3075 287 3136 διά
314 3097 345 3136 τε
372 3077 406 3136 τό
427 3075 504 3136 πολῦ
527 3082 579 3156 της
602 3071 675 3138 ὀδοῦ
697 3083 796 3157 μῆκος
817 3079 872 3138 καὶ
893 3077 946 3158 την
963 3075 999 3158 Ιὀν
1025 3076 1066 3158 τῷ
1090 3081 1174 3160 μίσιρ
1196 3079 1310 3160 δυσχί-

102 3211 199 3272 ρειαν,
227 3195 487 3273 παρεγγυώμεθα,
518 3188 568 3250 ἵνα
597 3194 679 3252 κατὰ
708 3191 763 3254 δίο
793 3195 934 3274 χρόνους,
967 3189 1114 3255 εόθῦντου
1145 3191 1232 3264 ὄντος
1257 3202 1310 3254 τοῦ

100 3311 287 3390 πράγματος,
310 3307 534 3388 καταλαμβάνῃ
558 3303 708 3380 ὀνταῦθα,
734 3304 772 3368 δι’
796 3305 868 3369 αότό
890 3329 922 3368 τε
945 3311 978 3370 τῦ
1007 3314 1111 3392 χρόαν,
1138 3307 1211 3390 ὅπερ
1234 3308 1310 3392 ίχει,

103 3429 155 3486 καί
181 3428 237 3494 τὰς
262 3425 528 3505 παρεμπιπτυόσας
554 3419 813 3506 ἱκκλησιαστικάς
840 3423 1010 3502 ἀναγκαίας
1035 3431 1176 3510 χρήσεις,
1204 3429 1249 3490 ίτι
1277 3425 1311 3487 δί

105 3547 156 3606 καί
178 3545 217 3604 εά
240 3539 449 3602 ἀνακύπτοντα
469 3543 523 3600 καί
544 3543 625 3602 κατὰ
647 3547 748 3604 πᾶσαν
770 3543 822 3626 την
845 3541 960 3625 ὀνορίαν
977 3540 1068 3606 αὐτοῦ
1085 3543 1238 3621 ἀναγκαία
1254 3549 1310 3626 ζη-

105 3663 234 3744 τήματα,
258 3657 285 3720 εὶ
306 3656 331 3718 δ’
351 3657 424 3728 ἴσως
447 3656 505 3718 εἴτε
528 3654 587 3718 ἀπό
610 3679 690 3728 τινος
712 3657 891 3736 ἀσθενείας,
912 3646 973 3723 ἐἴτε
996 3662 1055 3725 ἀπῦ
1083 3661 1191 3746 ἀτίμων
1214 3661 1311 3745 ἒμπο·

105 3779 257 3861 δισμάτων
284 3775 437 3846 ἀδυνάτως
463 3774 530 3858 ίχει
561 3772 651 3844 αότός
677 3773 715 3837 δι’
742 3775 852 3838 ἑαυτοῦ
884 3789 921 3862 ιη
947 3778 1022 3843 καθ’
1052 3777 1134 3863 ἡμᾶς
1162 3781 1234 3864 ίιρα
1260 3785 1314 3844 καί

106 3898 178 3976 θεία
200 3895 317 3975 συνόδιρ
340 3894 534 3977 ἀφίστασθαι,
556 3889 671 3976 ὀφείλει
693 3891 880 3970 ἐκλέγεσθαι
901 3900 954 3958 καί
981 3895 1143 3980 ἐκπέμπειν
1168 3899 1314 3964 ἀνταῦθα.

108 4012 157 4090 υδς
179 4010 217 4074 ἀν
241 4009 404 4094 ἀρμοῦίους
426 4012 573 4092 διακρίνοι
595 4018 652 4070 τῶν
675 4017 727 4071 τοῦ
748 4011 863 4092 κληρου
886 4009 992 4088 αὐτοῦ,
1019 4020 1073 4076 καί
1095 4014 1254 4101 ἀναφέρειν
1277 4018 1314 4080 δι’

108 4129 224 4206 οἰκείων
248 4127 404 4211 ίγγράφων
426 4131 479 4189 καί
501 4127 791 4210 κατησφαλισμίνων
816 4125 974 4212 ἀναφοριῦν
997 4136 1034 4194 τὰ
1051 4131 1126 4214 ἅπερ
1151 4135 1217 4218 ἔχει
1238 4157 1316 4196 κατ·
1434 4157 1436 4160 ·

109 4252 266 4324 επιίγυντα
292 4247 462 4326 ζητήματα,
490 4241 531 4312 ὣς
557 4240 593 4304 ἀν
617 4241 757 4304 ὀντεῦθεν
779 4245 959 4327 λαμβάνωσι
981 4258 1078 4311 ταῦτα
1107 4253 1159 4314 διὰ
1181 4263 1234 4337 τῆς
1256 4259 1317 4336 χά.

108 4386 186 4456 ριτος
208 4370 261 4424 τοῦ
284 4363 360 4422 θεοῦ
382 4361 434 4442 τὴν
456 4363 625 4444 πρέπουσαν
648 4357 897 4425 ἀποκατάστασιν
919 4369 972 4426 καί
992 4369 1160 4448 διόρθωσιν
1176 4371 1217 4440 είς
1232 4373 1319 4433 πλεί-

109 4501 160 4543 ονα
181 4483 328 4544 σύστασιν
343 4478 447 4538 τοῦτου
462 4474 516 4538 καὶ
532 4473 736 4559 εόδυκίμησιν,
761 4475 864 4562 ἐπειδὴ
890 4483 998 4544 τούτου
1018 4481 1110 4546 ίνεκα
1132 4492 1185 4549 καί
1207 4485 1319 4572 ηπαρ-

1067 4591 1099 4641 22
1119 4587 1134 4622 *
