3282 5270
1304 301 1366 362 519

134 485 322 566 μᾶλλονδὲ
345 489 399 548 καί
421 480 512 557 αάτδς
535 487 582 561 σά,
605 482 678 553 ὅταν
702 485 780 570 έχης
802 494 890 548 τοῦτο
913 483 1051 560 εὔκολον,
1078 482 1170 560 έλθέ,
1204 484 1231 548 εἰ
1252 487 1286 548 δέ
1311 487 1367 570 μη,

135 608 247 688 γράφε
269 609 323 667 καί
345 603 477 689 ἀνάφερε
500 607 552 666 καί
576 609 668 688 ζῄτει,
689 609 758 687 περί
777 603 820 667 ών
846 604 986 687 χρῄζεις,
1008 608 1077 686 περί
1097 601 1364 687 έκκλησιαστικῶν

134 726 338 806 ζητημάτων,
360 721 427 805 περὶ
447 725 609 786 πολιτικῶν
630 727 829 806 πραγμάτων,
850 729 918 806 περί
938 727 1067 797 πάντων,
1090 719 1132 803 ῶν
1154 721 1285 797 έθέλεις,
1307 726 1366 785 καί

136 841 270 922 μέλλεις
304 846 470 925 μανθάνειν
501 848 735 926 προηγουμένως
768 847 832 925 μέν,
854 845 920 924 περί
952 839 994 904 ών
1020 840 1143 924 ἀπορεῖς
1175 845 1229 903 καί
1254 845 1363 925 ζητεῖς,

139 958 256 1022 ἔπειτα
277 965 332 1022 καί
352 965 427 1041 περί,
443 971 501 1022 τῶν
523 958 660 1022 ένταῶθα
681 965 812 1035 πάντων,
833 971 897 1031 πῶς
920 960 1044 1043 ἔχουσιν
1061 958 1197 1022 ἐνταῦθα
1212 963 1250 1020 τὰ
1263 963 1363 1042 πράγ-

137 1097 229 1158 ματα
263 1081 300 1140 τά
333 1076 590 1160 έκκλησιαστικά,
624 1083 661 1140 τά
693 1079 836 1140 πολιτικά
868 1083 922 1139 καί
954 1079 993 1138 τά
1019 1085 1073 1160 της
1105 1077 1274 1157 βασιλείας.
1308 1081 1365 1140 καί

138 1193 229 1276 είπιρ
251 1195 361 1278 χρῄζει
382 1199 437 1256 καί
459 1193 475 1256 ό
497 1199 689 1278 πατριάρχης
710 1194 765 1257 καί
786 1192 806 1278 ἡ
828 1196 956 1265 σύνοδος
986 1192 1039 1257 ἵνα
1071 1197 1192 1278 μηνάση
1212 1197 1288 1277 πρὸς
1309 1195 1365 1277 την

140 1314 203 1396 σὴν
236 1313 385 1397 ίερότητα,
419 1315 524 1397 μέλλει
557 1323 646 1377 τοῦτο
669 1311 820 1396 εὑρίσκειν
842 1313 980 1378 εὔκολον.
1013 1315 1068 1398 Ιτὴν
1090 1312 1214 1397 ἀγάπην
1235 1317 1288 1376 καί
1309 1315 1366 1398 τῄν

141 1427 314 1513 εὐμένειαν,
337 1429 413 1516 ὅσην
436 1434 501 1516 έχω
523 1433 566 1505 εἰς
588 1434 641 1516 την
655 1435 721 1516 ’σήν
746 1431 897 1516 ίερότητα,
930 1437 1090 1510 γινώσκεις
1120 1436 1175 1495 καί
1197 1429 1288 1503 αὐτὸς
1310 1435 1365 1494 καί

143 1548 296 1630 ἀκριβῶς,
329 1546 376 1613 ότι
397 1550 489 1619 »ίδίυιν
523 1550 645 1636 ἀγάπην
668 1551 733 1635 έχω
755 1549 799 1623 είς
822 1553 857 1614 σέ
878 1555 933 1620 καί
953 1549 1034 1612 ίδίαν
1056 1552 1275 1634 πληροφορίαν,
1308 1555 1366 1613 καί

143 1666 256 1745 ἀγαπῶ
278 1691 314 1733 σε
334 1671 445 1747 πολλὰ,
468 1674 523 1734 καί
544 1672 608 1755 έχπι
631 1693 666 1736 σε
688 1672 776 1756 φίλον
799 1673 931 1755 γνήσιον,
954 1676 1009 1734 καί
1035 1670 1230 1754 ἀποδέχομαι
1251 1671 1363 1747 πολλὰ,

141 1787 195 1850 ἵνα
218 1775 346 1872 γράφης,
369 1793 408 1852 νά
430 1793 635 1874 μανθάνωμεν
655 1795 724 1874 περί
746 1800 818 1866 σοῦ,
839 1796 907 1873 περί
928 1799 981 1852 τοῦ
1004 1794 1096 1853 τόπου
1119 1812 1187 1865 σου,
1220 1795 1287 1872 περί
1309 1799 1363 1873 τῆς

142 1907 243 1991 ἀρχῆς
266 1930 330 1984 σου,
345 1913 420 1993 ,περὶ
441 1919 494 1973 τοῦ
516 1906 573 1973 ἀπό
596 1915 631 1974 σέ
649 1912 786 1992 μεγάλου
802 1913 908 1972 τ’σότυυ
922 1915 1070 1992 ποιμνίου.
1095 1913 1234 1986 γινώσκω
1257 1911 1291 1970 δὲ
1307 1913 1362 1971 καί

140 2025 202 2103 ἐγώ
224 2033 279 2089 καί
301 2026 362 2110 είμι
383 2017 702 2114 πεπληροφορημένος,
725 2026 771 2092 ὅτι
794 2028 916 2106 ἀγαπᾶς
938 2051 985 2110 με,
1008 2033 1062 2090 καί
1085 2028 1169 2112 ἔχεις
1191 2031 1294 2114 φιλίαν
1317 2028 1361 2100 εἰς

140 2146 195 2228 την
216 2141 301 2230 ἡμῶν
324 2149 515 2231 μετριότητα.
537 2151 592 2210 καί
613 2147 689 2210 εἴτι
711 2147 847 2230 χρῄζεις,
872 2151 968 2232 γράφε
990 2155 1078 2209 τοῦτο
1102 2151 1178 2228 μετὰ
1200 2148 1358 2231 πληροφο-

140 2269 218 2346 ρίας,
241 2269 278 2327 νά
301 2267 335 2326 εδ
357 2266 472 2348 πληρῶ.
509 2263 658 2344 ἀγωνίζου
691 2265 744 2336 οὖν
776 2271 830 2328 καί
853 2267 1005 2337 σπούδαζε
1027 2266 1176 2348 διηνεκῶς
1199 2262 1271 2346 ὑπέρ
1304 2272 1358 2327 τοῦ

138 2384 217 2446 λαυῶ
251 2405 320 2459 σου,
354 2379 428 2466 ὑπὲρ
451 2393 503 2447 ποῶ
526 2391 665 2468 ποιμνίου
688 2409 757 2460 σου,
791 2389 825 2446 σέ
849 2389 907 2466 γὰρ
931 2384 1038 2466 έχουσι
1060 2387 1170 2452 πάντες
1194 2382 1222 2444 οἱ
1245 2378 1357 2446 αάτόθι

138 2503 242 2562 κοινάν
264 2505 381 2583 πατέρα
403 2507 457 2565 καί
479 2503 667 2564 διδάσκαλον
689 2507 743 2580 καί
766 2507 891 2584 μεσίτην
912 2503 985 2582 πρὸς
1007 2503 1058 2562 τάν
1079 2503 1165 2574 θεόν,
1188 2505 1242 2561 καί
1266 2505 1356 2576 γινώ-

138 2637 224 2687 σκεις
260 2615 405 2700 ἀκριβῶς,
442 2618 556 2704 ὁπόσην
584 2619 718 2704 σπουδὴν
740 2617 914 2704 ὀφείλουσιν
936 2617 965 2680 οἱ
990 2622 1131 2700 ποιμένες
1165 2618 1248 2700 ἔχειν
1283 2614 1355 2701 ὑπέρ

137 2743 196 2795 τῶν
217 2737 376 2816 προβάτων
399 2733 506 2813 αάτῶν,
529 2746 582 2800 τοῦ
604 2739 731 2816 λογικοῦ
754 2741 861 2799 τούτου
882 2741 1020 2819 ποιμνίου
1043 2745 1095 2798 ποῶ
1111 2736 1256 2818 Χριστοῦ,
1279 2733 1353 2798 αδτά

137 2856 197 2934 γάρ
219 2856 253 2915 τό
276 2855 376 2936 στόμα
397 2865 450 2917 τοῦ
469 2855 601 2938 Χριστοῦ
623 2878 697 2941 φησι
719 2857 771 2918 διὰ
792 2863 845 2918 τοῦ
868 2853 957 2932 άγίου
980 2851 1152 2918 ἀποστόλου
1175 2863 1228 2917 ποῶ
1252 2857 1353 2938 μεγά-

136 2971 192 3032 λου
215 2969 352 3046 Παόλου,
381 2970 427 3034 ὅτι
449 2975 541 3050 λόγον
563 2973 775 3037 ἀποδώσουσιν
797 2970 870 3055 ἀπέρ
892 2971 990 3036 αάτῶν
1013 2983 1071 3036 τῶν
1094 2972 1355 3055 έμπιστευθέντων

137 3085 239 3158 αότοίς
262 3087 430 3171 ἀνθρώπων
453 3090 483 3153 έν
506 3089 606 3175 ἡμέρη
627 3098 767 3172 κρίσεως,
792 3092 923 3174 ἔγραψεν
945 3089 964 3174 ἡ
988 3095 1149 3174 μετριότης
1170 3088 1255 3175 ἡμῶν
1270 3091 1355 3163 ίδίως

135 3211 190 3268 ιιαί
211 3209 285 3287 πρός
308 3209 377 3276 τούς
412 3205 523 3291 ῥῄγας,
557 3211 627 3280 τοὺς
660 3209 741 3281 υἱούς
776 3232 856 3292 μου,
877 3208 992 3294 όπόσην
1019 3206 1172 3292 όπυταγῄν
1199 3208 1356 3293 ὀφείλουσι

133 3327 209 3407 πρὸς
242 3326 296 3408 τὴν
319 3326 375 3408 σὴν
397 3325 555 3410 ίερότητα,
587 3327 642 3390 καί
663 3332 842 3410 προσέταξα,
864 3327 914 3390 ἵνα
936 3329 1131 3399 σπυυδάζωσι
1152 3333 1207 3390 καί
1241 3328 1354 3405 ἀγῶνί·

132 3447 242 3514 ζωντσι
274 3437 506 3509 ὑποτάσσεσθαι
538 3450 592 3509 καί
623 3449 793 3509 πείθεσθαι
825 3445 880 3508 καί
900 3451 1047 3508 παντοίαν
1071 3445 1155 3529 έχειν
1188 3442 1351 3526 εάλάβειαν

134 3567 188 3625 καί
210 3566 368 3647 προσοχὴν
389 3568 465 3646 πρός
487 3567 540 3649 τῄν
564 3567 620 3649 σήν
642 3565 790 3650 ίερότητα,
814 3569 867 3628 καί
891 3563 1016 3638 έδίδαζα
1038 3567 1091 3628 καί
1113 3565 1272 3647 παρῄνεσα
1297 3567 1352 3626 καί

137 3677 337 3764 ένουθέτησα,
362 3678 440 3745 οὕτω
463 3706 498 3746 σε
521 3685 641 3763 βλέπειν
665 3680 899 3766 αάτόθι,ώσπερ
923 3682 959 3746 ἀν
983 3683 1110 3764 ἔβλεπον
1125 3683 1179 3766 τήν
1194 3678 1280 3766 ἡμῶν
1296 3673 1353 3766 μεὲ

134 3802 288 3882 τριότητα,
311 3799 375 3862 ἐπεί
396 3805 450 3862 καί
472 3806 509 3863 τά
532 3803 638 3863 δίκαια
661 3808 761 3886 φέρεις
783 3806 821 3864 τά
841 3802 927 3864 ὶδικά
961 3823 1028 3885 μου,
1062 3805 1116 3863 καί
1139 3800 1192 3864 ἐάν
1215 3797 1351 3864 ἀποτάσ-

136 3936 247 3978 σωνται
280 3923 334 3980 καί
367 3929 476 4003 τιμῶσι
497 3925 551 3982 καί
574 3918 715 3998 ἀγαπῶσι
737 3923 790 4005 τήν
813 3925 870 4005 σῄν
891 3921 1042 4005 ίερότητα,
1078 3919 1131 4003 έμέ
1154 3928 1284 4004 τιμοῶσι,
1318 3920 1353 3991 δς

135 4033 199 4116 ἔχω
222 4035 270 4095 έπί
292 4045 345 4118 της
367 4047 423 4120 γῆς
445 4042 483 4100 τὰ
505 4039 611 4100 δίκαια
633 4048 686 4100 ποῶ
709 4043 796 4101 θεοῦ.
813 4045 866 4101 καί
888 4039 953 4102 ἐπεὶ
975 4039 1080 4116 έγένυυ
1102 4044 1156 4100 καί
1178 4039 1226 4114 σι’),
1249 4043 1353 4122 χάριτι

133 4151 274 4234 Χριστοῦ,
298 4157 520 4240 μητροπολίτης
542 4155 614 4238 παρ’
636 4159 723 4238 έμοῶ,
746 4161 784 4219 τά
807 4158 913 4220 δίκαια
936 4159 1096 4242 φέρεις.τά
1119 4155 1193 4239 έμδι,
1217 4159 1270 4219 καί
1291 4165 1351 4225 πάς

133 4269 378 4353 ὑποτασσόμενος
400 4283 437 4356 τῄ
460 4285 500 4358 σῄ
523 4273 653 4359 ἱερότητι
676 4276 717 4358 τῷ
737 4275 803 4357 θεῷ
826 4274 1039 4352 ἀποτάσσεται,
1062 4273 1156 4360 καὶὴ
1179 4277 1250 4359 τιμὴ
1274 4271 1351 4357 αὕτη

134 4390 176 4460 είς
200 4390 253 4472 έμέ
277 4392 437 4472 διαβαίνει.
471 4398 524 4454 καί
547 4403 643 4455 ταῦτα
666 4398 719 4477 μέν
742 4395 863 4476 ἔγραψα
883 4397 959 4476 πρδς
986 4395 1057 4467 εοάς
1080 4391 1188 4479 ’βηγας
1209 4397 1263 4456 καί
1286 4391 1351 4454 ἐδί-

133 4509 210 4582 δαξα
232 4514 287 4572 καί
309 4509 477 4593 παρῄνεσα,
505 4510 564 4575 ὅσα
587 4509 754 4596 ἀφελυῶσιν·
770 4512 812 4584 είς
835 4515 968 4597 ψυχικὴν
991 4509 1158 4576 αὐτῶνκαὶ
1174 4515 1350 4597 σωματικὴν
