3258 5282
1242 331 1305 391 393

99 518 271 603 δηλυθοίοη
294 518 450 594 ύποθίοει,
474 513 540 602 εύρε
563 523 616 582 καί
638 514 727 589 ούτος
746 517 887 602 ἐγγραρα
901 518 1095 598 δικαιώματα
1116 522 1171 579 καί
1186 521 1301 597 μάρτο-

96 659 149 718 ρας
171 635 360 710 ἀξιοπίστους
383 635 455 721 ὑπὲρ
477 646 530 700 τού
547 643 654 721 μίροος
669 647 723 721 τής
736 635 946 721 Τριμολλίνης,
970 635 1121 719 ἔκκλητον
1137 633 1303 718 ἐποιήσατο

95 755 139 818 ἐπί
161 767 212 839 τῆς
234 755 319 841 ήμῶν
342 761 535 840 μετριότητος
558 757 723 828 ούνοδικάις
745 761 826 819 κατὰ
840 767 893 840 τῆς
915 755 1130 838 Μαγιστρίνης,
1153 755 1302 835 διισχυρι-

96 879 219 956 ζόμενος
243 875 398 948 ἀποδείξαι
420 879 496 957 μετὰ
522 873 656 956 ἐναργῶν
676 879 907 954 παραστάσεων,
930 877 983 954 τῆν
1005 871 1209 956 Μαγιστμίνοιν
1232 869 1302 932 ἀδί-

94 1012 154 1062 κως
187 991 391 1073 ἐπιλαβέσθαι
418 991 526 1074 ἀρτίως
551 1002 610 1054 τῶν
635 993 835 1074 δηλωθέντων
861 990 1075 1074 ἐργαστηρίων,
1109 995 1163 1053 καί
1196 987 1236 1060 ὡς
1261 991 1302 1070 μή

93 1109 231 1183 ἐξετάσει
253 1109 373 1192 ἀκριβεί
398 1111 545 1194 δοθείσης
571 1118 625 1194 τῆς
644 1107 825 1180 ιιἰποθέσεως
850 1121 887 1191 τη
915 1121 972 1171 τῶν
1000 1120 1143 1192 μοναχων
1173 1107 1304 1190 ἀμελτία

92 1229 296 1313 δικαιωθῆναι
329 1231 440 1312 ταύτην
472 1217 592 1311 Ιοιινίβη.
635 1229 832 1311 διαρηνύεται
867 1237 1029 1311 τοιγαροῦν
1061 1224 1080 1310 ή
1113 1226 1303 1306 Μαγιοτρίνα

90 1351 173 1428 παρὰ
194 1357 249 1430 τής
270 1343 355 1428 ήμῶν
379 1351 571 1430 μετριότητος
594 1347 638 1417 εἰς
659 1347 712 1430 τήν
735 1347 886 1430 ἔκκλητον
913 1347 1096 1429 ἀπαντῆσαι,
1123 1344 1142 1430 ἡ
1170 1344 1195 1407 δ’
1224 1343 1302 1407 ἀνα-

91 1465 238 1544 βάλλεται
259 1469 312 1526 καί
337 1465 528 1548 δυσχεραίνει
549 1467 623 1546 πρός
645 1473 746 1539 τοῦτο,
773 1470 847 1536 τὲως
870 1485 905 1542 γε
929 1467 987 1548 μήν
1014 1465 1218 1526 σονελαθιὶσα
1239 1473 1303 1534 τοῖς

90 1590 212 1665 σοχνοίς
227 1587 280 1644 καί
295 1583 450 1665 διαφόροις
466 1585 619 1664 μηνύμασι
632 1587 816 1663 παρίσταται
832 1583 919 1664 μόλις
935 1583 988 1645 σύν
1003 1585 1045 1664 τῷ
1058 1581 1142 1664 ἀνδρί
1155 1581 1196 1664 τῴ
1210 1582 1302 1642 δικα-

91 1700 218 1785 στηρίῳ·
241 1703 345 1783 παρόν
367 1702 401 1762 δέ
423 1705 477 1761 καί
499 1697 733 1782 ὁΠερδίκαρος,
757 1698 798 1772 ὣς
821 1699 1043 1782 ἀναδεξάμενος
1066 1704 1103 1762 τά
1125 1709 1182 1760 τῶν
1206 1693 1302 1781 μονα·

88 1829 150 1902 χόον
173 1819 292 1893 δίκαια,
316 1817 357 1889 ύις
381 1818 508 1902 εἴρηται,
533 1820 735 1900 προεβάλετο,
764 1817 810 1881 ὅτι
836 1841 867 1881 τε
896 1823 994 1902 ζώσης
1022 1829 1075 1902 τῆς
1099 1817 1302 1900 Βροεννίσσης

88 1934 209 2020 ἐκείνης
231 1951 356 2020 κατεῖχε
379 1941 433 1999 καί
455 1935 578 2020 ἐνέμετο
601 1941 786 2001 τὰτοιαῦτα
808 1938 992 2021 ἐργαστήρια
1009 1934 1029 2021 ή
1045 1937 1237 2022 Τριρολλίνα,
1261 1934 1303 2006 ως

89 2053 246 2139 ἀνήκοντα
268 2055 370 2139 ἐκείνη
394 2055 528 2138 μάλιστα
550 2055 609 2120 ἀπό
632 2065 685 2139 τῆς
708 2067 765 2118 τῶν
787 2060 882 2118 θειιῑιν
905 2057 1110 2138 κληρονομίας
1132 2057 1186 2116 καί
1208 2052 1242 2114 ού
1266 2063 1304 2136 τῆ

87 2175 290 2259 πρωταδέλρη
324 2169 431 2257 αὐτῆς,
469 2175 542 2257 πήδτ
568 2185 605 2257 τῆ
633 2173 831 2256 Βροεννίσση,
859 2171 913 2235 ἅττ
942 2175 980 2256 δή
1013 2174 1303 2256 κεκληρονομηκοίορ

88 2295 194 2356 τούτου
228 2296 318 2376 χάριν
345 2292 453 2375 μερίδα
479 2292 594 2374 ίτέραν,
621 2296 675 2353 καί
702 2288 748 2353 ότι
774 2289 999 2374 ἀνακριθέντες
1026 2288 1042 2354 ὃ
1069 2313 1101 2354 τε
1127 2292 1226 2373 πατήρ
1249 2299 1304 2372 τῆς

90 2409 297 2494 Μαγιοτρίνης
319 2410 336 2473 ό
355 2410 591 2490 Κεκαλεσμόνος
614 2409 728 2479 ἐκτίνος
750 2415 803 2472 καί
825 2409 842 2473 ό
865 2409 940 2494 ἀνήρ
963 2407 1065 2493 αὐτῆς,
1089 2407 1177 2480 ούτος
1200 2407 1303 2472 &Ma-

90 2549 225 2611 γιστρος,
248 2529 289 2611 τιρ
310 2533 395 2610 μίρει
410 2539 463 2611 τῆς
477 2526 678 2613 Τριρολλίνης
700 2526 914 2608 ἀναλαβέσθαι
935 2533 1114 2612 πειρώμενοι
1129 2531 1182 2610 τήν
1196 2547 1304 2607 πατρι-

89 2649 146 2728 κήν
168 2647 380 2728 κληρονομίαν
403 2641 514 2720 αύτούς,
537 2644 578 2716 ὥς
600 2649 695 2708 νόθοι
714 2647 811 2728 δῆθεν
826 2645 920 2729 ούσης
935 2650 1087 2728 θογατρύς
1102 2656 1156 2708 τού
1172 2645 1306 2728 ἀδελρού

89 2771 141 2826 τού
163 2764 304 2826 τοιούτου
327 2763 572 2846 Κεκολεσμένοο,
596 2760 684 2826 οὐδόν
706 2785 733 2825 τι
754 2768 820 2844 περί
841 2773 895 2848 τῆς
917 2774 1055 2846 κατοχῆς
1078 2762 1305 2854 των-ἐργαστη-

89 2887 158 2964 ρίων
181 2883 296 2945 τούτων
317 2885 510 2966 κεκινήκασι,
533 2883 807 2966 κατεδικάσθησαν
829 2883 863 2944 δὲ
885 2884 1001 2964 μάλλον
1016 2887 1070 2945 καί
1091 2883 1134 2953 εὶς
1150 2879 1222 2965 ὅπερ
1238 2881 1305 2944 ἐνε-

87 3002 216 3076 κάλουν,
238 3003 349 3072 καθὼς
371 3001 574 3084 διαλαμβάνει
595 3003 630 3062 τό
650 3003 956 3083 γεγονύςτηνικαύτα
971 3003 1134 3084 δικαίωμα,
1158 2998 1240 3062 ἀλλὰ
1254 3003 1308 3061 καί

88 3115 259 3201 ἡτοιαύτη
285 3117 482 3200 Βρύίννιοσα,
509 3121 582 3198 πρός
604 3117 646 3198 τῴ
670 3118 750 3178 τὲλει
776 3125 828 3179 τοῦ
855 3119 922 3198 βίοι)
944 3115 1037 3202 αὐτῆς
1063 3122 1144 3180 κατά
1167 3123 1308 3200 μοναχάς

90 3234 330 3320 ἀποκειραμύνη,
352 3235 555 3298 καταλίλοιπε
582 3233 775 3316 ἐνδιαθήκως
803 3237 856 3296 σύν
883 3249 944 3305 τοῖς
967 3236 1092 3306 οἰκείοις
1114 3239 1168 3297 καί
1189 3241 1227 3298 τά
1249 3257 1305 3298 πε-

90 3355 258 3436 ριελθόντα
283 3365 320 3439 τῆ
346 3353 530 3440 Τριφολλίνη
558 3349 618 3416 ἀπύ
643 3363 792 3436 πατρικῆς
817 3356 1023 3437 κληρονομίας
1050 3354 1205 3439 οἰκήματα
1233 3359 1307 3438 πρός

89 3475 142 3555 τήν
165 3475 338 3554 σεβασμίον
361 3473 522 3555 βασιλικήν
544 3473 637 3556 μονήν
660 3482 713 3556 τῆς
734 3482 829 3554 κοράς
844 3471 975 3555 Μαρίας,
995 3472 1033 3536 δι’
1050 3475 1071 3536 ἀ
1088 3476 1238 3545 πολλάκις
1253 3477 1307 3535 καί

89 3593 257 3678 διαφόρως,
280 3588 325 3674 ἐφ’
348 3589 419 3654 ὅσον
442 3589 543 3674 ἐκείνη
566 3593 607 3672 τῷ
628 3593 683 3673 βίῳ
703 3599 817 3674 περιῆν,
842 3589 1050 3675 ἀντικριθείσα
1071 3606 1108 3678 ιη
1123 3593 1306 3680 Τριρολλίνη

89 3712 320 3792 κατεδικάοθη,
343 3719 395 3770 τού
417 3709 451 3770 δε
474 3729 509 3784 γε
531 3713 642 3790 μόρους
664 3719 716 3791 τῆς
738 3712 881 3794 τοιαύτης
910 3713 1079 3795 σεβασμίας
1106 3723 1200 3796 μονῆς
1223 3713 1306 3777 ἀντι-

88 3833 252 3910 κριθέντος
278 3831 344 3909 περί
371 3828 476 3888 τούτου
502 3827 546 3908 τηῐ
571 3831 656 3908 μέρει
683 3837 736 3910 τῆς
761 3827 960 3914 Τριμολλίνης
987 3829 1035 3892 ἐπὶ
1061 3838 1114 3891 τού
1145 3832 1307 3910 βασιλικού

90 3951 239 4028 οεκρετοο
268 3944 440 4028 ἐδικαιώθη
466 3942 485 4030 ή
511 3945 705 4030 Τριμολλίνα,
733 3943 767 4009 ού
796 3951 887 4028 μόνον
912 3953 1055 4031 κατάχεον
1083 3953 1137 4011 καί
1156 3954 1307 4033 νέμεσθαι

89 4069 142 4127 καί
164 4063 211 4135 τίς
233 4066 267 4126 τό
290 4062 358 4146 ἑξῆς
380 4067 418 4124 τά
439 4064 650 4148 διαληρθέντα
673 4063 837 4148 οἰκήματα,
861 4063 942 4128 ἀλλὰ
965 4065 1123 4149 ἀναζητεῖν
1149 4073 1203 4129 καί
1224 4071 1306 4150 λαμ-

89 4184 192 4264 βάνειν
215 4187 270 4244 καί
290 4186 328 4244 τά
351 4179 505 4266 ἀνήκοντα
527 4177 604 4266 αύτη
626 4187 708 4244 κατὰ
729 4183 821 4259 λόγον
842 4185 1048 4266 κληρονομίας
1064 4183 1123 4246 ἀπό
1140 4196 1197 4248 τῶν
1213 4189 1306 4248 θειῶν

90 4297 193 4385 αὐτῆς.
219 4311 314 4362 ταῦτα
336 4297 425 4362 εἰπάν
446 4303 648 4382 προεκόμισεν
671 4299 719 4362 ἐπὶ
739 4311 792 4362 τού
821 4305 917 4382 μίοοο
943 4305 981 4362 τά
1009 4301 1151 4384 εὶρημύνα
1178 4304 1306 4364 δικαιού-

92 4440 184 4500 ματα,
219 4416 316 4481 ταύτά
349 4429 410 4488 τοῖς
441 4419 548 4480 τούτου
571 4418 674 4494 λύγοις
699 4419 846 4489 διεξιόντα
871 4423 925 4480 καὶ
953 4422 985 4481 τό
1017 4425 1122 4484 πιστόν
1155 4425 1306 4487 πάντοθεν

93 4535 217 4620 ἐχοντα.
239 4539 315 4620 πρὸς
340 4539 456 4607 τούτοις
483 4537 658 4610 διετείνετο,
686 4532 733 4596 ὅτι
760 4535 801 4618 μή
829 4539 919 4618 μόνον
949 4537 1101 4622 ἐπιδημῶν
1128 4537 1264 4603 ἐνταῦθα
1290 4539 1307 4608 ἐ
