3258 5278
276 288 334 354 132

270 484 324 560 της
340 471 498 558 βασιλείας
520 481 579 558 μοδ
601 476 763 558 τυγχάνειν
784 482 839 558 της
861 475 1005 558 τοιαύτης
1025 475 1137 546 τάξεάς
1159 494 1191 536 τε
1213 476 1267 535 καί
1282 479 1370 555 τιμης
1393 470 1410 536 δ
1432 479 1487 534 νδν

271 593 434 676 ἱεράτατος
460 594 683 678 μητροτεολίτηςΙ
711 592 851 674 Βρύσεως
881 597 935 655 καί
962 588 1133 674 ύτίρτιμος,
1164 593 1302 674 καθείης
1328 593 1363 652 δὲ
1396 589 1489 652 δοται

269 721 358 774 τοῦτο
381 715 462 774 κατά
483 715 534 774 τόν
554 710 622 773 ἴσον
643 713 752 791 τρόπον
774 714 828 773 καί
849 709 894 781 τίς
916 711 986 781 τούς
1009 707 1073 793 μετ’
1095 705 1185 772 αὐτόν
1209 710 1376 792 μέλλοντας
1398 703 1486 790 εὑρί-

269 833 405 893 σκεσθαι
425 834 507 893 κατὰ
528 829 654 911 καιρούς
677 827 720 898 εἰς
742 834 885 912 γνησίους
907 825 1060 911 ἀρχιερεῖς
1082 837 1135 910 τῆς
1151 829 1292 910 τοιαύτης
1307 825 1484 909 ἁγιωτάτης

269 948 485 1031 μητροπόλεως
506 947 659 1028 Βρύσειις,
683 945 766 1030 ἔχειν
788 947 823 1010 δό
846 950 901 1009 καί
923 948 1083 1028 καθέδραν
1104 949 1158 1008 καί
1179 948 1270 1007 τύπον
1293 943 1325 1006 όν
1347 955 1386 1026 τῇ
1409 963 1483 1006 σον-

269 1067 438 1149 αριδμησει
463 1073 521 1127 τῶν
547 1063 714 1146 ἱερωτάτων
742 1063 968 1148 μητροπυλιτῶν
997 1067 1075 1148 μετά
1102 1067 1152 1126 τόν
1178 1061 1346 1145 ίεριότατονΥ
1366 1083 1484 1144 μητρο-

266 1182 391 1266 πολίτην
412 1182 506 1246 Αἴνου
527 1185 581 1244 καί
602 1177 770 1265 ύπόρτιμον,
794 1180 848 1246 ἁτε
870 1183 909 1265 δη
931 1187 986 1244 καί
1008 1184 1042 1244 τό
1069 1181 1188 1264 ἑδραῖον
1215 1186 1269 1243 καί
1291 1179 1485 1264 ἀμετακίνη-

266 1319 318 1378 τον
340 1297 515 1384 όρείλοντος
537 1299 621 1382 άχειν
642 1307 695 1362 τοῦ
717 1304 801 1384 παρὰ
828 1309 881 1383 της
909 1300 1069 1380 βασιλείας
1096 1319 1155 1382 μου
1184 1301 1345 1376 γεγονότος
1371 1296 1420 1360 ἐπὶ
1445 1307 1485 1379 τῇ

266 1419 391 1500 τοιαύτη
417 1415 573 1500 άγιωτάτη
599 1415 753 1500 ίκκλησίσ,
772 1412 996 1500 τροβιβασμοδ.
1025 1417 1133 1480 τούτου
1159 1421 1218 1497 γὰρ
1244 1419 1334 1499 χάριν
1362 1413 1484 1491 ἐγένετο
1527 1393 1529 1396 ’

265 1540 320 1599 ταί
352 1535 370 1598 δ’
401 1523 512 1617 παρὸν
538 1536 766 1618 χρυσόβουλλυς
797 1537 890 1614 λόγος
920 1545 975 1620 της
1012 1533 1170 1616 βασιλείας
1204 1542 1277 1616 μού,
1315 1532 1484 1602 ἁπυλυδείς

268 1656 350 1716 κατὰ
372 1661 454 1736 μῆνα
473 1654 632 1734 νοόμβριον
654 1662 707 1734 της
728 1661 779 1714 νυν
801 1655 970 1736 τρεχοόσης
991 1649 1105 1736 δγδόης
1125 1651 1311 1720 ἰνδιιιτιωνυς
1334 1659 1387 1712 τοῦ
1411 1648 1482 1722 ἐξα-

267 1772 478 1855 κισχιλιοστυδ
500 1769 743 1833 όκτακοσιοστού
758 1777 939 1854 τριακοστοό
954 1775 1053 1852 τρίτου
1076 1769 1173 1843 ἔτους,
1195 1767 1227 1832 όν
1243 1765 1267 1852 ᾧ
1281 1772 1336 1830 καί
1351 1769 1387 1830 τό
1401 1764 1482 1851 ἡμί-

266 1911 354 1973 τερον
376 1886 502 1972 εύσεβλς
522 1893 577 1951 καί
597 1889 827 1972 θεοπρόβλητον
849 1884 1066 1972 ἁτεσημηνατο
1087 1890 1200 1967 κράτος
1221 1890 1251 1963 †.

500 2072 613 2138 LXIIL
635 2075 844 2139 6833-1325
869 2069 1060 2136 maio-iunio
1080 2069 1144 2134 ind.
1165 2071 1246 2134 VIII.

612 2215 739 2284 synodus
752 2161 856 2267 Imma
868 2231 915 2267 εοιι
927 2214 1135 2268 mumma.

352 2364 373 2439 †
390 2359 471 2444 Μηνὶ
491 2357 581 2442 μαΐιρ,
597 2358 647 2442 κη’
659 2355 769 2442 ἡμέρη,
785 2359 915 2441 τετράδι,
929 2357 986 2420 ὶνδ.
1002 2357 1038 2442 η’,
1054 2359 1296 2440 προκαθημένου
1310 2363 1363 2418 τού
1378 2377 1481 2418 πανα-

269 2481 417 2554 γιωτάτοο
437 2475 524 2562 ἡμῶν
546 2477 694 2538 δεσπότου
719 2483 771 2538 τοῦ
799 2475 1012 2559 οίκαυμινικοδ
1038 2479 1228 2557 πατριάρχου
1255 2472 1287 2535 όν
1313 2485 1375 2544 τοῖς
1401 2479 1484 2537 κατὰ

269 2599 320 2658 τόν
350 2594 438 2673 ἁγιον
464 2595 678 2680 Θευρύλακτον
704 2595 839 2664 κελλίοις
870 2591 977 2668 αὐτοῦ,
1008 2594 1262 2675 συνεδριαζύντων
1290 2604 1328 2676 τη
1360 2594 1484 2676 μεγάλη

270 2711 429 2795 ά,ιωσύνη
456 2709 549 2774 αύτοδ
575 2717 629 2772 καί
654 2711 821 2792 ἱερωτάτων
849 2709 1024 2793 ἁρχιερόων,
1056 2720 1108 2772 τοῦ
1135 2711 1289 2793 Σάρδεων,
1320 2708 1484 2794 ύπερτίμοτι

270 2836 325 2894 καί
351 2829 482 2912 ἐξάρχου
507 2833 608 2912 πάσης
633 2829 760 2900 Λυδίας,
786 2828 969 2910 Γρηγορίου,
996 2838 1049 2890 τοῦ
1078 2830 1286 2912 Χαλκηδόνος,
1319 2826 1485 2913 ὑπερτέρου

270 2954 325 3013 καί
345 2947 494 3031 προέδρου
513 2945 704 3028 Μαρωνείας,
727 2947 909 3020 Θεοδούλου,
932 2955 986 3008 τοῦ
1008 2945 1285 3029 Ἃδριανουπόλτως
1313 2953 1366 3009 καί
1389 2945 1483 3030 ἁπερ-

272 3073 369 3150 τίμου,
390 3065 544 3142 Ἰγνατόυυ,
566 3073 619 3126 τοῦ
640 3063 818 3146 Μελιτηνης·
833 3068 887 3126 καί
908 3058 1078 3146 ὁπερτίμου,
1101 3065 1286 3140 Θεοδοσίου,
1302 3074 1355 3128 τοῦ
1370 3065 1484 3148 Πηγῶν

216 3256 219 3261 ,
271 3189 326 3248 καί
347 3183 473 3266 Παρίου,
495 3179 655 3264 ύπερτόμου
676 3186 730 3243 καὶ
750 3183 898 3263 προίδρου
920 3181 1027 3256 Γάνον,
1049 3181 1287 3259 Κονσταντίνου,
1314 3193 1367 3247 τοῦ
1389 3183 1482 3247 Πισι-

268 3303 337 3372 δίας
358 3304 411 3362 καί
433 3295 604 3380 ύπερτίμου,
623 3297 646 3360 Γ
649 3301 802 3380 ρηγορίου,
825 3307 877 3359 τοῦ
895 3299 1064 3381 Δυρραχίου
1087 3305 1139 3361 καί
1163 3295 1335 3382 ἁπερείμου,
1358 3301 1382 3362 Γ
1384 3321 1482 3384 ρηγο-

268 3424 343 3502 ρίου,
370 3425 422 3479 τοῦ
448 3415 569 3497 Ἄπρω,
597 3410 757 3496 ύπερτίμοο
783 3419 836 3474 καί
859 3418 909 3476 τόν
932 3418 1021 3478 τόπον
1045 3415 1209 3498 ἐπέχοντος
1232 3427 1284 3478 τοῦ
1307 3415 1501 3499 Εύχαίτων,’

266 3535 385 3619 Ἰωσὴφ,
407 3539 461 3596 καί
483 3542 535 3594 τοῦ
560 3531 733 3615 Μηθύμνης
759 3535 813 3592 καί
846 3527 1015 3612 ἁπερτίμου,
1043 3532 1217 3615 Μαλαχίου,
1249 3539 1483 3616 παρισταμόνων

267 3659 321 3716 καί
342 3655 590 3737 θεοφιλεστάτων
612 3652 797 3714 δεσποτικῶν
821 3648 974 3732 ἀρχόντων
998 3653 1026 3727 †.

351 3769 536 3852 βΠαρίστη
562 3779 599 3852 τῇ
625 3765 710 3851 ἡμῶν
739 3771 909 3850 μετριότητι
935 3771 1159 3851 προκαθημένῃ
1187 3771 1354 3841 σονοδικιδς
1381 3769 1397 3834 ύ
1420 3771 1482 3834 ἁπὰ

268 3897 321 3950 του
342 3888 458 3969 κλήρου
480 3897 534 3969 τῆς
556 3884 728 3967 ἁγιωτάτης
752 3885 965 3967 μητροπόλεως
980 3885 1081 3959 Αἴνου,
1098 3886 1238 3968 Ἰωάννης
1260 3885 1480 3971 δΜαγκλαβν.

268 4026 331 4087 της,
347 4007 400 4065 καί
417 4002 567 4086 ἁνίρερεν,
590 3999 632 4072 ἁνς
647 3998 780 4084 ἠγάγετο
797 4003 931 4083 γαμβρόν
947 4001 994 4063 ἐπὶ
1009 4014 1046 4084 τη
1069 4001 1178 4064 άαυτοδ
1194 4006 1324 4086 θυγατρί
1338 3983 1478 4070 Ιἐνδίκα-

268 4141 319 4184 τον
345 4129 399 4203 τῆς
420 4116 544 4202 ἡλικίας
570 4117 688 4200 ἁγοόση
714 4122 839 4202 χρόνον,
860 4121 910 4179 τόν
935 4119 997 4180 υίύν
1025 4128 1077 4182 τοῦ
1104 4118 1163 4182 ἀπὸ
1178 4129 1230 4182 τοῦ
1246 4125 1384 4186 τοιούτου
1398 4127 1480 4208 κλή-

268 4259 331 4321 ρου,
347 4236 494 4316 ἄρχοντος
509 4246 566 4297 τῶν
582 4232 753 4317 ἐκκλησιῶν
768 4243 821 4296 τοῦ
834 4231 989 4316 Ἀργυροῦ,
1012 4239 1066 4298 καί
1087 4237 1139 4298 διὰ
1162 4241 1195 4298 τό
1219 4240 1259 4321 μή
1274 4247 1410 4322 νομίμων
1426 4247 1482 4303 καί

267 4357 389 4417 τελείων
416 4358 531 4436 χρόνον
559 4351 634 4413 εἶναι
661 4354 713 4433 τήν
740 4356 909 4432 δυγατόρα,
940 4351 1008 4414 οὔτε
1038 4351 1055 4415 ὁ
1082 4357 1119 4415 τὰ
1146 4354 1253 4416 δίκαια
1281 4357 1392 4420 διόπων
1425 4367 1480 4440 τῆς

264 4473 409 4552 ,τοιαύτης
431 4468 601 4552 ἁγιωτάτης
624 4470 838 4550 μητροπόλεως
859 4473 1031 4550 παρεχώρει
1054 4472 1103 4531 τόν
1126 4473 1262 4552 γαμβρόν
1279 4469 1358 4556 αότη
1375 4495 1479 4538 oum.
