3258 5282
1233 306 1296 370 369

54 487 169 561 αὐτοῖς
204 496 388 574 περιπίπτων
419 496 473 554 καί
507 492 713 576 ἁλισκόμενος
745 492 922 576 ἀτοαημάσι
952 494 1010 554 καί
1039 489 1297 581 ἀπηγορευμένοις

54 607 182 689 ἔργοις,
209 607 255 679 ἁις
276 609 402 694 εἴρηται,
430 609 717 694 ἀπαλλοτριοῦσθαι
741 611 896 680 παντελιῦς
923 618 990 692 της
1003 607 1169 692 ἱερωσύνης
1197 606 1297 690 ἀσυμ-Δ

53 729 191 798 παθοῦς,
220 731 275 788 καί
298 730 374 809 μήτε
396 731 480 809 παρὰ
506 735 559 790 τοῦ
586 733 750 810 κρατίστου
776 732 831 790 καί
857 725 948 804 ἁγίου
975 747 1034 809 μου
1063 721 1298 807 αὐτοκράτορος,

57 850 141 928 μήτε
171 849 264 928 παρά
291 844 472 928 ἀρχιερέως,
505 850 582 931 μήτε
610 847 644 909 δὲ
670 849 723 910 διά
738 867 828 917 τινος
854 856 926 909 τῶν·
943 854 1154 927 πνευματικῶν
1183 841 1300 925 ἀνδρῶν

57 970 234 1047 μεσιτείας
267 963 345 1035 ὅλοις
380 963 545 1048 έπιτυχεῖν,
574 963 615 1032 ,οά
648 969 710 1050 μὴν
737 965 818 1030 ἀλλὰ
845 971 900 1029 καί
926 967 1023 1036 εἴτις
1049 976 1106 1028 τῶν
1133 967 1215 1025 κατὰ
1247 963 1300 1045 την

60 1085 285 1160 θεοδόξαστοιί
307 1085 418 1168 ταύτην
441 1084 759 1160 Κωνσταντινοόπολιν
782 1085 1034 1169 ἀποτεταγμένων
1062 1083 1197 1166 ἐξάρχων
1214 1084 1302 1143 κατὰ

60 1205 117 1265 τάν
143 1201 428 1286 ἀναγεγραμμένον
450 1207 569 1287 τρόπον,
592 1208 748 1282 γινώσκων
771 1209 855 1275 τινὰς
869 1216 926 1267 τῶν
950 1203 1053 1285 ἱερέων
1076 1199 1132 1272 όπδ
1155 1203 1208 1284 την
1221 1201 1301 1262 ἀνο·

62 1323 143 1403 ρίανΙ
161 1319 265 1396 αὐτοῦ
286 1323 506 1407 περιρρονητάς
527 1327 581 1394 καί
602 1327 866 1406 κατεγνωσμένως·
880 1326 1032 1404 βιοῦντας,
1055 1311 1227 1404 θελησειῆ
1248 1318 1303 1380 διὰ

61 1441 175 1524 φιλίαν
188 1439 226 1524 ἤ
248 1442 302 1503 διά
324 1445 501 1518 συγγένειαν
523 1441 543 1526 ἢ
565 1441 641 1505 καθ’
665 1435 839 1525 οίονδῆτινα
861 1433 969 1525 τρόπον
991 1440 1094 1524 ἕτερον
1108 1439 1304 1522 παρυποκρῦ-

61 1575 159 1622 εττιν
175 1562 480 1637 καδσυγκαλῦττειν
503 1557 614 1630 αὐτοῦς
634 1563 690 1624 καί
712 1563 754 1644 μη
776 1562 943 1645 διαρρήδην
967 1552 1127 1645 ἀναφέρειν
1148 1568 1186 1640 τη
1217 1553 1303 1638 ἡμῶν

67 1682 267 1763 μετριότητα
287 1677 304 1742 ό
327 1672 540 1750 τοιοῦτος-καί
563 1684 687 1763 μείζονα
707 1680 763 1762 την
785 1675 950 1763 κανονικην
978 1667 1108 1761 εόδόνην
1128 1681 1182 1738 καί
1203 1677 1304 1737 κατοί-

65 1811 172 1880 νιρισιν
199 1793 420 1880 ἁτοστησεται,
435 1795 483 1861 ὀό
513 1801 605 1881 μόνον
632 1801 702 1878 περὶ
727 1798 780 1880 την
809 1784 972 1880 ίιρωσόνην
993 1793 1113 1870 αὐτοῦ,
1139 1792 1231 1857 ’ἀλλά
1252 1768 1307 1874 καί

68 1915 138 1998 περὶ
162 1914 490 2001 τηνάνατεθειμένην
512 1919 607 2000 τοότιρ
635 1914 801 2000 έξαρχικην
829 1901 995 2000 ιλπηρεσίαν
1016 1920 1077 1978 -καί
1105 1915 1226 2001 ένοχην.
1254 1913 1306 1974 διὰ

70 2037 132 2114 γάρ
154 2041 251 2095 τοῦτο
275 2037 332 2097 καὶ
352 2030 373 2118 ἡ
395 2043 541 2116 παροῦσα
566 2035 668 2118 γραφη
684 2043 749 2116 της
770 2031 855 2119 ἡμῶν
878 2037 1085 2116 μετριότητος,
1114 2029 1306 2093 ἀπολυθεῖσα

72 2147 158 2236 κατά
184 2160 271 2236 μῆνα
293 2147 477 2235 δεκέμβριον
502 2159 556 2214 τοῦ
578 2170 604 2234 ,ς
625 2167 650 2218 ’ω
672 2153 688 2224 Ε
710 2151 735 2224 ς’
761 2151 863 2226 έτους,
890 2151 1093 2232 κατεστρώθη
1112 2137 1161 2211 ’όν
1179 2159 1239 2218 τοῖς
1261 2145 1306 2208 ἱε-

71 2279 140 2350 ροῖς
162 2271 328 2341 κωδικίοις
350 2265 402 2333 όιά
424 2271 478 2354 την
501 2269 546 2341 εἰς
567 2273 611 2333 τό-
624 2265 694 2354 έξης
716 2263 834 2354 εῐόησιν
855 2273 910 2331 καί
931 2265 1101 2351 ἀσφάλειαν
1123 2269 1153 2344 †.

160 2509 182 2583 †
207 2503 380 2588 Στέργομεν
402 2511 457 2568 καί
481 2505 650 2588 ἐμμένομεν
673 2497 806 2576 ἀπαντες
829 2505 862 2578 ἐξ
884 2503 959 2588 ὅλης
982 2507 1083 2588 ψυχης
1107 2506 1162 2564 καί
1184 2505 1303 2564 διανοί-

86 2642 123 2693 ας
144 2623 194 2696 εἰς
214 2622 290 2690 ὅσον
310 2633 451 2708 παραινεῖ
470 2627 545 2707 πρός
570 2619 653 2706 ἡμᾶς
676 2621 692 2686 ὁ
714 2627 956 2698 ταναγιιότατος,
970 2619 1056 2704 ἡμῶν
1083 2623 1234 2702 δεσπότης
1255 2623 1310 2682 καί

80 2738 299 2824 οἰνιοομενίκός
320 2745 511 2825 πατριάρχης
533 2743 590 2808 διά
609 2750 663 2823 τῆς
677 2741 844 2823 παρούσης,
866 2745 920 2802 καί
936 2736 1171 2822 ἁπισχνοῦμεθα
1193 2737 1309 2823 φυλάτ-

84 2878 147 2920 τειν
171 2869 273 2922 ταῦτα
296 2861 554 2944 ἁπαρεγχείρητα,
583 2859 610 2922 εί
635 2857 661 2921 δ’
690 2857 752 2934 οὖν,
777 2857 828 2920 ἵνα
851 2857 931 2942 ὦμεν
958 2861 1185 2939 γεγυμνωμένοι
1210 2859 1312 2938 πάσης

83 2975 249 3064 ἱερωσύνης
271 2984 301 3058 †.
324 2984 343 3058 †
366 2978 401 3044 ‘0
424 2981 615 3049 διδάσκαλος
638 2987 691 3041 τοῦ
715 2973 896 3055 εὐαγγελίου
917 2976 972 3042 καὶ
995 2977 1124 3059 ἔξαρχος
1146 2976 1312 3056 πρεσβύτε-

87 3117 138 3174 ρος
152 3095 304 3180 Μανοοηλ
320 3097 337 3160 ό
354 3147 360 3160 .
379 3145 385 3159 .
404 3145 410 3160 .
427 3103 456 3174 †.
480 3103 501 3175 †
522 3097 557 3161 Ὁ
580 3097 705 3168 ἔκδικος
728 3107 785 3158 νῦν
807 3101 937 3178 κρίσεων
955 3104 1007 3178 τῆς
1023 3073 1195 3178 ἀγιωτοὶόης
1212 3095 1311 3175 μεγά-

88 3213 143 3296 λης
165 3224 220 3278 τοῦ
243 3218 323 3278 θεοῦ
345 3213 676 3300 ἐκκλησίαςέὶαρχος
698 3219 752 3278 καί
767 3215 987 3297 ταβοολλὰριος
1002 3213 1131 3297 Μιχαὴλ
1153 3212 1311 3276 όΒαλσα-

90 3334 153 3412 μιδν
173 3338 213 3398 τὰ
241 3331 408 3417 ὁρισθέντα
434 3339 493 3396 καί
511 3322 693 3398 Ιτυπωθέντα
726 3337 857 3415 στέργων
887 3329 1045 3416 ὑπέγραψα
1067 3337 1096 3410 †.
1126 3329 1201 3408 †‘0
1226 3329 1313 3391 ἔκδι-

84 3467 143 3522 κος
165 3463 224 3518 τῶν
247 3459 377 3536 κρίσεων
399 3453 529 3537 Μιχαηλ
550 3451 567 3516 ὁ
589 3453 724 3536 Τεμενός
746 3455 800 3514 καὶ
823 3452 952 3535 ἔξαρχος
978 3456 1016 3514 τά
1039 3447 1174 3533 ῥηθέντα
1196 3453 1249 3508 καί
1273 3445 1311 3509 ἀ-

93 3577 289 3655 πορανθέντα
310 3577 443 3655 στέργων
471 3570 631 3656 ὑπέγραψα
656 3576 686 3650 †.
716 3577 735 3649 †
761 3570 796 3635 '0
819 3571 944 3640 ἔκδικος
971 3573 1024 3632 καί
1050 3568 1244 3649 κατηχητης,
1259 3575 1313 3648 της

94 3686 264 3775 ἁγιωτάτης
295 3701 349 3754 τοῦ
383 3694 461 3753 θεοῦ
496 3694 635 3774 μεγάλης
668 3689 837 3772 ἐκκλησίας
866 3693 920 3752 καί
954 3689 1083 3768 ἔξαρχος
1104 3685 1262 3756 Νικόλαος
1291 3681 1315 3746 δ

95 3801 236 3894 Πηγηνὸς
255 3808 484 3892 τά-δρισθέντα
504 3813 636 3891 στέργων
659 3806 822 3889 ὑπέγραψα
841 3811 869 3883 †.
894 3809 912 3882 †
934 3805 968 3866 ‘0
992 3805 1116 3875 ἔκδικος
1138 3809 1190 3866 καί
1213 3825 1314 3888 κατη-

98 3929 189 4010 χηίής
210 3941 266 4013 της
289 3927 462 4011 ἀγιωτὰτης
484 3935 537 3989 τοῦ
559 3931 636 3990 θεοῦ
660 3928 798 4009 μεγάλης
825 3926 994 4008 ἐκκλησίας
1023 3927 1152 4008 ἔξαρχος
1178 3929 1233 3987 καί
1258 3948 1314 3988 τα·

100 4041 274 4130 βουλλάριος
297 4047 438 4130 Ἰωάννης
460 4038 656 4128 δΠελιιότης
678 4049 716 4106 τὰ
740 4041 877 4128 ρηθέντα
902 4045 957 4104 καὶ
980 4042 1200 4127 ἀποφανθέντα
1227 4049 1316 4127 στέρ-

103 4179 156 4235 γοῦν
181 4162 343 4249 ἀπέγραψα
369 4169 398 4242 †.
431 4171 450 4242 †
478 4165 513 4230 ‘0
541 4164 664 4234 ἔκδικος
691 4167 744 4226 καί
770 4165 951 4246 κατηχητὴς
976 4171 1031 4243 τῆς
1066 4161 1238 4246 ἁγιωτάτης
1263 4172 1316 4225 τοῦ

104 4281 173 4345 θεοῦ
194 4286 332 4368 μεγάλης
356 4281 535 4366 ἐκκλησίας,
560 4283 689 4364 ἔξαρχος
715 4287 768 4343 καὶ
797 4283 1016 4363 ταβουλλάριος
1038 4281 1165 4364 Μιχαὴλ
1192 4280 1208 4343 ὁ
1233 4281 1316 4344 Κου-

106 4407 244 4490 ταριόντης
270 4407 308 4466 τὰ
336 4397 472 4484 ῥηθέντα
499 4407 553 4464 καί
586 4401 803 4486 ἀπομανθὲντα
831 4405 963 4483 στέργειν
991 4398 1152 4483 ἀπέγραψα
1178 4406 1206 4476 †.
1238 4397 1262 4476 f
1284 4399 1317 4462 Ὁ

109 4511 161 4580 ἀπὸ
181 4533 232 4586 τοῦ
255 4520 385 4598 ευαγοῦς
401 4522 563 4601 βασιλικοῦ
585 4520 701 4602 κλήροιν
725 4530 782 4581 τιῦν
800 4521 980 4602 Ιλλοιχερνιῦν
997 4518 1168 4599 οἰκονόμος,
1184 4519 1316 4597 ταβοολ-

992 4671 996 4678 .
1096 4625 1128 4674 24

1055 4699 1065 4720 .
