3258 5278
810 560 845 621 L.
868 559 944 624 Sine
961 581 1049 620 anno.

320 701 445 770 smus
464 702 568 770 consere
587 701 773 768 metropolim·
791 703 950 770 smyrnensi
972 703 1158 770 τμύοτοραίιιοι
1178 699 1237 751 clia·
1255 719 1306 768 ρει·
1324 701 1535 754 adiunctionem.

407 843 483 924 †‘H
509 855 562 928 τῆς
589 855 642 906 τοῦ
663 848 742 907 θεοῦ
772 843 941 927 ἐκκλησίας
962 845 1051 927 ἰσχύς
1074 844 1224 928 ἀήττητος
1247 825 1481 916 καίάνιίλατος
1505 843 1538 905 ἐν

322 963 417 1026 ἀπασι
438 969 584 1049 πίρυκεν,
612 961 681 1025 ούτι
708 965 766 1044 ηάρ
794 967 904 1046 χρόνος
932 961 949 1025 ύ
975 967 1075 1026 πάντα
1101 961 1257 1025 ἀλλάττων
1284 966 1338 1024 καί
1360 965 1538 1045 μιτατιθείς

320 1093 560 1165 κατακαυχᾶται
581 1083 693 1164 ταύτης
720 1085 773 1144 καί
797 1087 995 1163 περιγίνεται,
1025 1079 1086 1144 οὔτ’
1110 1078 1329 1162 ἀπηρεάζοντες
1351 1079 1453 1150 ἀλλος
1476 1080 1535 1143 ἀν-

322 1203 442 1283 θριοποι
468 1203 521 1262 καί
546 1201 753 1282 λυμαίνεσθαι
779 1210 841 1269 τοῖς
866 1200 1001 1282 δόγμασι
1027 1201 1291 1281 προθυμούμενοι,
1319 1199 1486 1261 ῦιανύοοσα
1509 1198 1540 1260 θ’

320 1314 398 1401 αύτη
420 1323 474 1380 καί
499 1328 623 1400 περῶσα
648 1320 699 1379 τόν
722 1316 818 1379 αἰῦνα
848 1316 999 1412 ἀσειστος,
1022 1315 1151 1399 ἀσπερεί
1172 1321 1227 1378 καί
1253 1320 1366 1386 παντός
1393 1315 1535 1399 ἀνυτόρα

319 1436 463 1520 ἀλίθρου,
486 1438 654 1514 διαγίνεται
675 1439 729 1498 καί
755 1439 953 1499 καθίσταται.
981 1445 1039 1498 τῦν
1066 1440 1126 1517 γὰρ
1148 1433 1223 1498 καθ’
1246 1432 1328 1519 ἡμᾶς
1349 1439 1538 1518 πραγμάτων

318 1553 429 1617 ἀλλοτε
457 1549 558 1624 ἀλλος
586 1557 771 1636 κινουμίνυν
796 1558 851 1616 καί
877 1557 1063 1638 ρερομίνοιν,
1091 1556 1186 1637 μόνης
1214 1555 1248 1614 τό
1275 1555 1388 1635 ταύτης
1414 1551 1539 1635 ἀξίωμα

318 1675 445 1755 ῦιαρκός
466 1677 520 1735 καί
542 1671 743 1756 ἀτελεύτητον
765 1671 813 1736 ἀπί
835 1681 888 1736 τοῦ
911 1667 1004 1735 αύτοῦ
1026 1672 1173 1754 όιαμίνει.
1196 1675 1251 1734 καί
1272 1673 1307 1733 τό
1330 1667 1462 1754 αίτιονή
1479 1681 1536 1734 τοῦ

315 1797 394 1852 θεοῦ
415 1795 470 1853 καί
497 1799 633 1873 σωτῆρος
658 1791 742 1875 ρονή
770 1793 996 1873 κραταιοτάτην
1024 1765 1078 1852 καί
1107 1787 1278 1852 ἀσάλευτον
1306 1795 1398 1873 μίχρι
1422 1791 1538 1860 παντὸς

318 1908 451 1972 ἔσεσθαι
472 1907 788 1993 ἀπορηναμίνη,·καί
814 1905 884 1992 μηθ’
912 1907 949 1971 ἀν
974 1928 1047 1971 ποτε
1074 1905 1144 1990 μηδ’
1174 1903 1269 1978 αύτάς
1296 1911 1351 1978 τὰς
1377 1915 1431 1969 τοῦ
1453 1902 1539 1992 ᾄόου

316 2027 414 2097 πύλας
435 2029 634 2110 κατισχύσειν
656 2028 849 2110 δυνήσεσθαι
874 2027 1000 2110 ταύτης,
1030 2025 1090 2089 εἶτα
1117 2025 1196 2110 ἔθνη
1225 2029 1457 2110 κατατρύχοντα
1478 2029 1538 2096 τάς

314 2138 395 2226 ᾄόου
420 2143 518 2216 πύλας
546 2140 748 2228 ύποληπτίον,
777 2143 838 2206 ιίτε
866 2144 936 2214 τούς
961 2147 1045 2206 κατὰ
1069 2147 1177 2226 καιρόν
1203 2144 1337 2214 όιιίκτας
1362 2146 1417 2206 καί
1437 2143 1536 2206 πολε-

317 2271 462 2344 μοῦντας,
489 2258 526 2324 ού
553 2263 611 2347 μήν
639 2259 721 2326 ἀλλά
748 2267 802 2326 καί
828 2263 945 2334 δόξασα
970 2265 1157 2347 καθυφεῖναι
1172 2229 1291 2345 ’μικρὸν
1323 2272 1378 2346 τῆς
1405 2259 1537 2345 ἀνούσης

315 2379 424 2464 ἰσχύος
455 2383 510 2443 καί
541 2401 608 2444 τινα
640 2391 699 2443 τῶν
732 2381 853 2443 οἰκείαν
886 2379 917 2452 ἐξ
944 2379 1088 2464 ίπηρείας
1113 2379 1296 2461 ἀποβαλεῖν,
1325 2369 1418 2451 αύθις
1443 2378 1537 2463 ίτερα

318 2495 350 2570 ie
381 2496 492 2581 ίαυτής
523 2500 691 2580 προβάλλει
723 2502 777 2560 καί
814 2500 1006 2580 όιανίστησι,
1045 2501 1084 2560 τά
1115 2500 1311 2582 πεπονηκότα
1343 2508 1402 2561 τῶν
1435 2508 1537 2582 μερῶν

297 2614 460 2679 ’ἐντεῦθεν
486 2627 588 2702 συρῦς
612 2615 727 2701 ὶιομίνη
758 2621 813 2679 καί
844 2619 919 2699 πρός
950 2617 1004 2698 τήν
1038 2625 1091 2699 της
1124 2613 1270 2699 όλότητος
1304 2613 1448 2698 ἀρτίοσιν
1481 2619 1537 2700 τήν

316 2736 445 2819 όυναπήν
473 2737 666 2820 προμήθειαν
695 2734 944 2821 ἀντεισρίρουσα.
972 2734 989 2797 ό
1017 2736 1055 2820 όή
1083 2733 1142 2798 κάν
1167 2735 1209 2818 τῷ
1234 2738 1359 2816 παρόντι
1386 2739 1442 2799 καί
1463 2735 1535 2798 θια-

315 2855 492 2936 νενοήμεθα
513 2857 567 2916 καί
588 2855 834 2938 διαπραξόμεθα,
864 2855 917 2938 τήν
940 2857 999 2936 γὰρ
1028 2853 1200 2939 ἀγιιντάτην
1223 2855 1409 2938 μητρόπολιν
1432 2843 1536 2937 Σμύρ-

315 2991 369 3054 νης
402 2966 459 3034 ύπύ
492 2981 550 3034 τόν
583 2973 745 3054 βαρβόρον
772 2971 863 3036 ύποία
890 2973 928 3056 όή
956 2977 994 3036 τά
1022 2981 1075 3036 τοῦ
1102 2976 1214 3056 χρόνου
1238 2979 1453 3056 κατεχομίνην
1477 2977 1537 3036 καί

317 3088 544 3172 κυκλουμίνην,
570 3087 685 3173 ἵναμή
712 3088 763 3152 τόν
786 3089 866 3172 ἱερόν
893 3099 951 3152 τῦν
978 3088 1144 3173 ἀρχιερίιον
1170 3091 1346 3166 κατάλογον
1372 3088 1390 3153 ύ
1417 3087 1536 3173 ἀχθρύς

316 3203 358 3277 ὣς
384 3203 562 3269 ἀλλείποντα
587 3211 642 3270 καί
674 3209 786 3292 μίλους
820 3207 884 3272 οίον
916 3205 1075 3291 ἀφαίρεσιν
1106 3213 1162 3271 καί
1193 3227 1260 3271 τινα
1293 3206 1448 3290 ἀκοσμίαν
1480 3209 1536 3291 τήν

316 3323 476 3406 ἀπόλειψιν
498 3322 635 3409 ἀνειόίση
663 3335 717 3388 τοῦ
745 3328 874 3409 θρόνου,
904 3324 934 3387 οἱ
958 3333 1013 3408 τῆς
1039 3327 1181 3389 καθόλου
1203 3324 1372 3409 λκκλησίας
1393 3345 1533 3407 προστα-

316 3453 377 3504 τεῖν
398 3442 550 3525 λαχόντος
571 3439 660 3526 ἡμεῖς
685 3446 740 3505 καί
765 3452 818 3505 τοῦ
844 3444 1047 3527 πληρώματος
1073 3441 1168 3527 αύτης
1189 3446 1416 3526 προνοούμενοι,
1441 3447 1534 3530 ψήρρ

216 3599 224 3614 ·
316 3567 371 3642 τῆς
392 3563 462 3642 περί
482 3555 566 3644 ἡμᾶς
588 3555 698 3632 αύτούς
721 3558 804 3644 ίερῦς
825 3565 879 3624 καί
900 3563 992 3630 θείας
1015 3561 1143 3624 ουνόόου
1166 3559 1214 3622 ίπί
1236 3571 1273 3643 τῇ
1299 3558 1446 3643 είρημίνη
1470 3582 1534 3645 μη-

316 3679 456 3760 τροπόλει
479 3677 616 3763 Σμύρνης
639 3675 784 3762 ἀρχιερία
806 3679 849 3763 τῷ
869 3688 922 3742 τοῦ
949 3681 1120 3762 πνεύματος
1141 3683 1288 3763 χρίσματι
1313 3679 1534 3764 τελεσιουργή-

317 3815 425 3866 οαντες
445 3801 669 3882 πτποιήκαμιν,
693 3795 806 3882 ἀρετῆς
832 3802 886 3862 καί
908 3802 1055 3868 σονίσειυς
1082 3795 1156 3860 ύντα
1177 3799 1279 3880 πλήρη
1300 3801 1355 3859 καί
1376 3817 1534 3881 χειραγω-

318 3922 412 3996 ηῆσαι
425 3919 677 3998 παρατραπόντας
692 3917 746 3978 καί
759 3918 973 3999 πλανηθόντας
987 3920 1042 3978 καί
1057 3913 1234 3998 ἀπιστρίψαι
1254 3917 1328 3997 πρός
1350 3918 1536 3999 θεοσίβειαν

316 4032 513 4109 ἱκανώτατον,
536 4044 595 4097 τῶν
618 4033 718 4098 ἀκεῖοε
742 4033 866 4118 λχθρῦν
888 4031 962 4096 ὅσον
984 4030 1041 4097 ούκ
1064 4033 1107 4105 τίς
1129 4037 1251 4117 μακράν
1273 4033 1434 4119 ἐπικουρίη
1455 4039 1536 4100 θεοῦ

317 4150 533 4214 ἀπελαθίντιον
565 4155 620 4214 καί
650 4150 871 4226 ἀποταθίντυιν,
905 4149 1014 4234 ἀρτίπος
1046 4172 1082 4229 γε
1115 4155 1174 4235 μήν
1196 4147 1293 4255 ὅμως,
1314 4151 1366 4216 ἵνα
1391 4159 1448 4217 καί
1475 4165 1535 4217 τῶν

317 4273 399 4332 κατὰ
420 4274 528 4352 χρείαν
556 4271 597 4354 μή
625 4270 768 4355 ἀποροίη,
797 4267 864 4333 ἀλλ’
888 4269 1062 4353 ἀρκούντως
1091 4271 1162 4354 ίχυι
1188 4273 1241 4333 τόν
1267 4273 1395 4334 όυνατόν
1424 4277 1537 4355 τρόπον

316 4391 369 4450 καί
395 4386 506 4459 ἱκανῦς
533 4386 565 4450 ἀν
597 4399 659 4460 τοῖς
692 4388 890 4466 ἀναγκαίοις,
921 4391 975 4472 τήν
1003 4387 1176 4474 ἀτιοτάτην
1210 4387 1378 4474 ἀπισκοπήν
1404 4390 1483 4454 Χίου
1513 4389 1535 4476 ἡ

314 4511 472 4592 μετριότης
499 4503 585 4590 ἡμῶν
611 4512 710 4589 κρίσει
737 4519 827 4592 κοινή
853 4512 907 4571 καί
932 4511 1038 4591 γνώμη
1067 4517 1125 4571 τῶν
1152 4505 1329 4587 ἀχιοτάτον
1357 4506 1535 4594 ἀρχιερίεεν,
