<?xml version="1.0" encoding="UTF-8"?>
<!DOCTYPE html PUBLIC "-//W3C//DTD XHTML 1.0 Transitional//EN"
    "http://www.w3.org/TR/xhtml1/DTD/xhtml1-transitional.dtd">
<html xmlns="http://www.w3.org/1999/xhtml" xml:lang="en" lang="en">
 <head>
  <title>
</title>
<meta http-equiv="Content-Type" content="text/html;charset=utf-8" />
  <meta name='ocr-system' content='tesseract 3.04.00' />
  <meta name='ocr-capabilities' content='ocr_page ocr_carea ocr_par ocr_line ocrx_word'/>
</head>
<body>
  <div class='ocr_page' id='page_1' title='image "./actaetdiplomata01miklgoog_0432.png"; bbox 0 0 3258 5282; ppageno 0'>
   <div class='ocr_carea' id='block_1_1' title="bbox 1271 321 1335 387">
    <p class='ocr_par' dir='ltr' id='par_1_1' title="bbox 1271 321 1335 387">
     <span class='ocr_line' id='line_1_1' title="bbox 1271 321 1335 387; baseline 0 0"><span class='ocrx_word' id='word_1_1' title='bbox 1271 321 1335 387; x_wconf 86' lang='grc'><strong>383</strong></span> 
     </span>
    </p>
   </div>
   <div class='ocr_carea' id='block_1_2' title="bbox 85 498 1337 2126">
    <p class='ocr_par' dir='ltr' id='par_1_2' title="bbox 85 498 1337 1892">
     <span class='ocr_line' id='line_1_2' title="bbox 91 498 1334 591; baseline 0.003 -27"><span class='ocrx_word' id='word_1_2' title='bbox 91 499 136 565; x_wconf 77' lang='grc' dir='ltr'><strong>ἐν.</strong></span> <span class='ocrx_word' id='word_1_3' title='bbox 155 502 209 588; x_wconf 77' lang='grc' dir='ltr'><strong>τῷ</strong></span> <span class='ocrx_word' id='word_1_4' title='bbox 232 513 285 590; x_wconf 82' lang='grc' dir='ltr'><strong>της</strong></span> <span class='ocrx_word' id='word_1_5' title='bbox 307 505 458 585; x_wconf 42' lang='grc' dir='ltr'><strong>γοναικύς,</strong></span> <span class='ocrx_word' id='word_1_6' title='bbox 475 505 635 589; x_wconf 80' lang='grc' dir='ltr'><strong>σομρώνιρ,</strong></span> <span class='ocrx_word' id='word_1_7' title='bbox 657 507 712 567; x_wconf 86' lang='grc' dir='ltr'><strong>καί</strong></span> <span class='ocrx_word' id='word_1_8' title='bbox 739 498 775 566; x_wconf 88' lang='grc' dir='ltr'><strong>ού</strong></span> <span class='ocrx_word' id='word_1_9' title='bbox 803 505 838 566; x_wconf 84' lang='grc' dir='ltr'><strong>τύ</strong></span> <span class='ocrx_word' id='word_1_10' title='bbox 861 503 990 588; x_wconf 90' lang='grc' dir='ltr'><strong>οίκημα,</strong></span> <span class='ocrx_word' id='word_1_11' title='bbox 1012 500 1033 588; x_wconf 83' lang='grc' dir='ltr'>ἡ</span> <span class='ocrx_word' id='word_1_12' title='bbox 1056 505 1217 589; x_wconf 71' lang='grc' dir='ltr'><strong>μετριότης</strong></span> <span class='ocrx_word' id='word_1_13' title='bbox 1236 501 1334 591; x_wconf 75' lang='grc' dir='ltr'><strong>ἡμών,</strong></span> 
     </span>
     <span class='ocr_line' id='line_1_3' title="bbox 89 619 1335 710; baseline 0 -24"><span class='ocrx_word' id='word_1_14' title='bbox 89 619 140 694; x_wconf 74' lang='grc' dir='ltr'><strong>ὃς</strong></span> <span class='ocrx_word' id='word_1_15' title='bbox 166 634 235 688; x_wconf 71' lang='grc' dir='ltr'><strong>τῶν</strong></span> <span class='ocrx_word' id='word_1_16' title='bbox 257 625 444 710; x_wconf 77' lang='grc' dir='ltr'><strong>ριλεοσεβών</strong></span> <span class='ocrx_word' id='word_1_17' title='bbox 468 625 569 706; x_wconf 85' lang='grc' dir='ltr'><strong>νόμων</strong></span> <span class='ocrx_word' id='word_1_18' title='bbox 594 625 794 687; x_wconf 66' lang='grc' dir='ltr'><strong>δικαιούντων</strong></span> <span class='ocrx_word' id='word_1_19' title='bbox 819 624 873 708; x_wconf 77' lang='grc' dir='ltr'><strong>την</strong></span> <span class='ocrx_word' id='word_1_20' title='bbox 899 619 1095 709; x_wconf 70' lang='grc' dir='ltr'>Εὐφροσύνην</span> <span class='ocrx_word' id='word_1_21' title='bbox 1123 627 1157 687; x_wconf 85' lang='grc' dir='ltr'><strong>τό</strong></span> <span class='ocrx_word' id='word_1_22' title='bbox 1181 623 1335 708; x_wconf 74' lang='grc' dir='ltr'><strong>τροικῷσν</strong></span> 
     </span>
     <span class='ocr_line' id='line_1_4' title="bbox 85 739 1337 828; baseline 0.002 -24"><span class='ocrx_word' id='word_1_23' title='bbox 85 744 224 828; x_wconf 88' lang='grc' dir='ltr'><strong>ταύτης</strong></span> <span class='ocrx_word' id='word_1_24' title='bbox 251 743 334 827; x_wconf 81' lang='grc' dir='ltr'><strong>ἐχειν</strong></span> <span class='ocrx_word' id='word_1_25' title='bbox 362 740 509 826; x_wconf 78' lang='grc' dir='ltr'><strong>ἀμπίλιον</strong></span> <span class='ocrx_word' id='word_1_26' title='bbox 536 745 614 825; x_wconf 81' lang='grc' dir='ltr'><strong>μετὰ</strong></span> <span class='ocrx_word' id='word_1_27' title='bbox 639 751 692 805; x_wconf 84' lang='grc' dir='ltr'><strong>τού</strong></span> <span class='ocrx_word' id='word_1_28' title='bbox 719 743 856 818; x_wconf 90' lang='grc' dir='ltr'><strong>παιδίοο,</strong></span> <span class='ocrx_word' id='word_1_29' title='bbox 890 739 1054 804; x_wconf 78' lang='grc' dir='ltr'><strong>ἐδικαίωσε</strong></span> <span class='ocrx_word' id='word_1_30' title='bbox 1081 743 1192 827; x_wconf 86' lang='grc' dir='ltr'><strong>ταύτην</strong></span> <span class='ocrx_word' id='word_1_31' title='bbox 1223 741 1272 807; x_wconf 73' lang='grc' dir='ltr'><strong>ἰπὶ</strong></span> <span class='ocrx_word' id='word_1_32' title='bbox 1298 752 1337 828; x_wconf 65' lang='grc' dir='ltr'><strong>τῇ</strong></span> 
     </span>
     <span class='ocr_line' id='line_1_5' title="bbox 88 856 1337 946; baseline 0.001 -24"><span class='ocrx_word' id='word_1_33' title='bbox 88 861 213 943; x_wconf 85' lang='grc' dir='ltr'><strong>μερίδι</strong></span> <span class='ocrx_word' id='word_1_34' title='bbox 233 869 287 924; x_wconf 81' lang='grc' dir='ltr'><strong>τοῦ</strong></span> <span class='ocrx_word' id='word_1_35' title='bbox 309 863 559 945; x_wconf 64' lang='grc' dir='ltr'><strong>καταγραφέντας</strong></span> <span class='ocrx_word' id='word_1_36' title='bbox 582 857 741 942; x_wconf 80' lang='grc' dir='ltr'><strong>ἂμπιλίοο,</strong></span> <span class='ocrx_word' id='word_1_37' title='bbox 764 870 818 944; x_wconf 81' lang='grc' dir='ltr'><strong>τῆς</strong></span> <span class='ocrx_word' id='word_1_38' title='bbox 841 868 981 943; x_wconf 84' lang='grc' dir='ltr'><strong>μοναχης</strong></span> <span class='ocrx_word' id='word_1_39' title='bbox 995 858 1134 943; x_wconf 84' lang='grc' dir='ltr'><strong>Μαρίνης</strong></span> <span class='ocrx_word' id='word_1_40' title='bbox 1150 856 1337 946; x_wconf 79' lang='grc' dir='ltr'><strong>δρειλούσης</strong></span> 
     </span>
     <span class='ocr_line' id='line_1_6' title="bbox 87 974 1337 1062; baseline 0.001 -23"><span class='ocrx_word' id='word_1_41' title='bbox 87 974 319 1061; x_wconf 74' lang='grc' dir='ltr'><strong>ἐπιλαβόσθαι</strong></span> <span class='ocrx_word' id='word_1_42' title='bbox 341 987 393 1042; x_wconf 86' lang='grc' dir='ltr'><strong>τού</strong></span> <span class='ocrx_word' id='word_1_43' title='bbox 416 976 563 1062; x_wconf 86' lang='grc' dir='ltr'><strong>όσπητίοο</strong></span> <span class='ocrx_word' id='word_1_44' title='bbox 588 981 642 1041; x_wconf 87' lang='grc' dir='ltr'><strong>καί</strong></span> <span class='ocrx_word' id='word_1_45' title='bbox 667 981 813 1062; x_wconf 83' lang='grc' dir='ltr'><strong>κατίχειν</strong></span> <span class='ocrx_word' id='word_1_46' title='bbox 839 987 928 1042; x_wconf 82' lang='grc' dir='ltr'><strong>τούτο</strong></span> <span class='ocrx_word' id='word_1_47' title='bbox 953 981 1154 1054; x_wconf 81' lang='grc' dir='ltr'><strong>δεσποτικῶς,</strong></span> <span class='ocrx_word' id='word_1_48' title='bbox 1183 975 1259 1042; x_wconf 78' lang='grc' dir='ltr'><strong>ύδεν</strong></span> <span class='ocrx_word' id='word_1_49' title='bbox 1280 976 1337 1042; x_wconf 85' lang='grc' dir='ltr'><strong>καὶ</strong></span> 
     </span>
     <span class='ocr_line' id='line_1_7' title="bbox 86 1095 1336 1185; baseline 0.002 -26"><span class='ocrx_word' id='word_1_50' title='bbox 86 1098 176 1160; x_wconf 89' lang='grc' dir='ltr'><strong>κατ’</strong></span> <span class='ocrx_word' id='word_1_51' title='bbox 207 1097 318 1169; x_wconf 85' lang='grc' dir='ltr'><strong>αύτούς</strong></span> <span class='ocrx_word' id='word_1_52' title='bbox 348 1099 386 1181; x_wconf 81' lang='grc' dir='ltr'><strong>δη</strong></span> <span class='ocrx_word' id='word_1_53' title='bbox 413 1098 483 1169; x_wconf 87' lang='grc' dir='ltr'><strong>τούς</strong></span> <span class='ocrx_word' id='word_1_54' title='bbox 510 1101 622 1182; x_wconf 82' lang='grc' dir='ltr'><strong>νόμους</strong></span> <span class='ocrx_word' id='word_1_55' title='bbox 652 1098 832 1183; x_wconf 78' lang='grc' dir='ltr'><strong>ἐπιλήψεται</strong></span> <span class='ocrx_word' id='word_1_56' title='bbox 862 1095 883 1181; x_wconf 78' lang='grc' dir='ltr'>ἡ</span> <span class='ocrx_word' id='word_1_57' title='bbox 914 1095 1048 1182; x_wconf 80' lang='grc' dir='ltr'><strong>ῥηθείσα</strong></span> <span class='ocrx_word' id='word_1_58' title='bbox 1071 1095 1251 1185; x_wconf 76' lang='grc' dir='ltr'><strong>Εύρροσύνη</strong></span> <span class='ocrx_word' id='word_1_59' title='bbox 1281 1107 1336 1183; x_wconf 75' lang='grc' dir='ltr'><strong>τῆς</strong></span> 
     </span>
     <span class='ocr_line' id='line_1_8' title="bbox 89 1213 1335 1303; baseline 0.004 -27"><span class='ocrx_word' id='word_1_60' title='bbox 89 1221 411 1300; x_wconf 80' lang='grc' dir='ltr'><strong>καταγεγραμμόνης</strong></span> <span class='ocrx_word' id='word_1_61' title='bbox 449 1219 503 1278; x_wconf 90' lang='grc' dir='ltr'><strong>καί</strong></span> <span class='ocrx_word' id='word_1_62' title='bbox 540 1219 800 1302; x_wconf 71' lang='grc' dir='ltr'><strong>σομφώνηύείσης</strong></span> <span class='ocrx_word' id='word_1_63' title='bbox 830 1213 908 1302; x_wconf 74' lang='grc' dir='ltr'><strong>αὐτῇ</strong></span> <span class='ocrx_word' id='word_1_64' title='bbox 938 1217 1092 1301; x_wconf 78' lang='grc' dir='ltr'><strong>προικῴας</strong></span> <span class='ocrx_word' id='word_1_65' title='bbox 1124 1217 1249 1303; x_wconf 87' lang='grc' dir='ltr'><strong>μερίδος</strong></span> <span class='ocrx_word' id='word_1_66' title='bbox 1281 1226 1335 1281; x_wconf 81' lang='grc' dir='ltr'><strong>τοῦ</strong></span> 
     </span>
     <span class='ocr_line' id='line_1_9' title="bbox 91 1319 1336 1420; baseline 0.005 -26"><span class='ocrx_word' id='word_1_67' title='bbox 91 1331 265 1416; x_wconf 80' lang='grc' dir='ltr'><strong>ἂμττελίοο</strong></span> <span class='ocrx_word' id='word_1_68' title='bbox 286 1339 368 1398; x_wconf 79' lang='grc' dir='ltr'><strong>κατὰ</strong></span> <span class='ocrx_word' id='word_1_69' title='bbox 390 1345 492 1398; x_wconf 83' lang='grc' dir='ltr'><strong>πᾶσαν</strong></span> <span class='ocrx_word' id='word_1_70' title='bbox 515 1319 694 1398; x_wconf 74' lang='grc' dir='ltr'><strong>δεσποτείαν</strong></span> <span class='ocrx_word' id='word_1_71' title='bbox 725 1339 781 1398; x_wconf 88' lang='grc' dir='ltr'><strong>καί</strong></span> <span class='ocrx_word' id='word_1_72' title='bbox 813 1339 977 1419; x_wconf 77' lang='grc' dir='ltr'><strong>κυριότητα</strong></span> <span class='ocrx_word' id='word_1_73' title='bbox 1010 1339 1087 1420; x_wconf 78' lang='grc' dir='ltr'><strong>μετὰ</strong></span> <span class='ocrx_word' id='word_1_74' title='bbox 1123 1343 1177 1398; x_wconf 86' lang='grc' dir='ltr'><strong>τού</strong></span> <span class='ocrx_word' id='word_1_75' title='bbox 1212 1337 1336 1400; x_wconf 82' lang='grc' dir='ltr'><strong>παιδίου</strong></span> 
     </span>
     <span class='ocr_line' id='line_1_10' title="bbox 91 1447 1336 1538; baseline 0.003 -26"><span class='ocrx_word' id='word_1_76' title='bbox 91 1447 208 1535; x_wconf 80' lang='grc' dir='ltr'><strong>αδτῆς</strong></span> <span class='ocrx_word' id='word_1_77' title='bbox 230 1450 285 1514; x_wconf 86' lang='grc' dir='ltr'><strong>καὶ</strong></span> <span class='ocrx_word' id='word_1_78' title='bbox 308 1451 392 1535; x_wconf 81' lang='grc' dir='ltr'><strong>ἐχειν</strong></span> <span class='ocrx_word' id='word_1_79' title='bbox 415 1449 460 1515; x_wconf 82' lang='grc' dir='ltr'><strong>ἐπ’</strong></span> <span class='ocrx_word' id='word_1_80' title='bbox 484 1449 591 1524; x_wconf 79' lang='grc' dir='ltr'><strong>ἀδείας</strong></span> <span class='ocrx_word' id='word_1_81' title='bbox 616 1462 712 1515; x_wconf 80' lang='grc' dir='ltr'><strong>ποιεῖν</strong></span> <span class='ocrx_word' id='word_1_82' title='bbox 739 1449 785 1516; x_wconf 86' lang='grc' dir='ltr'><strong>ἐπ’</strong></span> <span class='ocrx_word' id='word_1_83' title='bbox 811 1448 893 1537; x_wconf 71' lang='grc' dir='ltr'><strong>αύτῷ</strong></span> <span class='ocrx_word' id='word_1_84' title='bbox 917 1456 1017 1516; x_wconf 89' lang='grc' dir='ltr'><strong>πάντα</strong></span> <span class='ocrx_word' id='word_1_85' title='bbox 1043 1456 1081 1515; x_wconf 81' lang='grc' dir='ltr'><strong>τά</strong></span> <span class='ocrx_word' id='word_1_86' title='bbox 1106 1456 1188 1516; x_wconf 82' lang='grc' dir='ltr'><strong>κατά</strong></span> <span class='ocrx_word' id='word_1_87' title='bbox 1214 1456 1336 1538; x_wconf 89' lang='grc' dir='ltr'><strong>γνώμην</strong></span> 
     </span>
     <span class='ocr_line' id='line_1_11' title="bbox 92 1567 1336 1657; baseline 0.002 -25"><span class='ocrx_word' id='word_1_88' title='bbox 92 1569 162 1632; x_wconf 89' lang='grc' dir='ltr'><strong>καὶ</strong></span> <span class='ocrx_word' id='word_1_89' title='bbox 189 1572 335 1654; x_wconf 86' lang='grc' dir='ltr'><strong>βούλησιν</strong></span> <span class='ocrx_word' id='word_1_90' title='bbox 357 1569 413 1634; x_wconf 82' lang='grc' dir='ltr'><strong>καὶ</strong></span> <span class='ocrx_word' id='word_1_91' title='bbox 435 1567 495 1634; x_wconf 78' lang='grc' dir='ltr'><strong>ὅσα</strong></span> <span class='ocrx_word' id='word_1_92' title='bbox 515 1575 598 1653; x_wconf 82' lang='grc' dir='ltr'><strong>παρὰ</strong></span> <span class='ocrx_word' id='word_1_93' title='bbox 620 1581 678 1633; x_wconf 87' lang='grc' dir='ltr'><strong>τών</strong></span> <span class='ocrx_word' id='word_1_94' title='bbox 700 1572 885 1656; x_wconf 84' lang='grc' dir='ltr'><strong>ριλεοσεβών</strong></span> <span class='ocrx_word' id='word_1_95' title='bbox 911 1575 1010 1654; x_wconf 78' lang='grc' dir='ltr'><strong>νόμον</strong></span> <span class='ocrx_word' id='word_1_96' title='bbox 1038 1583 1099 1643; x_wconf 75' lang='grc' dir='ltr'><strong>τοῖς</strong></span> <span class='ocrx_word' id='word_1_97' title='bbox 1121 1577 1259 1657; x_wconf 87' lang='grc' dir='ltr'><strong>γνησίοις</strong></span> <span class='ocrx_word' id='word_1_98' title='bbox 1281 1572 1336 1635; x_wconf 88' lang='grc' dir='ltr'><strong>δε-</strong></span> 
     </span>
     <span class='ocr_line' id='line_1_12' title="bbox 95 1686 1335 1774; baseline 0.003 -24"><span class='ocrx_word' id='word_1_99' title='bbox 95 1691 241 1760; x_wconf 79' lang='grc' dir='ltr'><strong>σπόταις</strong></span> <span class='ocrx_word' id='word_1_100' title='bbox 267 1686 316 1751; x_wconf 81' lang='grc' dir='ltr'><strong>ἐπὶ</strong></span> <span class='ocrx_word' id='word_1_101' title='bbox 343 1699 404 1760; x_wconf 69' lang='grc' dir='ltr'><strong>τοῖς</strong></span> <span class='ocrx_word' id='word_1_102' title='bbox 432 1686 547 1750; x_wconf 86' lang='grc' dir='ltr'><strong>ἐαοτών</strong></span> <span class='ocrx_word' id='word_1_103' title='bbox 575 1689 692 1772; x_wconf 78' lang='grc' dir='ltr'><strong>ἐφεῖται</strong></span> <span class='ocrx_word' id='word_1_104' title='bbox 717 1700 812 1751; x_wconf 83' lang='grc' dir='ltr'><strong>πσιιῖν</strong></span> <span class='ocrx_word' id='word_1_105' title='bbox 840 1691 979 1772; x_wconf 79' lang='grc' dir='ltr'><strong>κτημασί</strong></span> <span class='ocrx_word' id='word_1_106' title='bbox 1009 1711 1042 1752; x_wconf 87' lang='grc' dir='ltr'><strong>τε</strong></span> <span class='ocrx_word' id='word_1_107' title='bbox 1072 1693 1127 1754; x_wconf 89' lang='grc' dir='ltr'><strong>καί</strong></span> <span class='ocrx_word' id='word_1_108' title='bbox 1150 1692 1335 1774; x_wconf 90' lang='grc' dir='ltr'><strong>πράγμασιν.</strong></span> 
     </span>
     <span class='ocr_line' id='line_1_13' title="bbox 96 1805 935 1892; baseline 0.002 -24"><span class='ocrx_word' id='word_1_109' title='bbox 96 1805 151 1878; x_wconf 82' lang='grc' dir='ltr'><strong>είς</strong></span> <span class='ocrx_word' id='word_1_110' title='bbox 177 1809 239 1888; x_wconf 81' lang='grc' dir='ltr'><strong>γὰρ</strong></span> <span class='ocrx_word' id='word_1_111' title='bbox 261 1807 315 1891; x_wconf 79' lang='grc' dir='ltr'><strong>τὴν</strong></span> <span class='ocrx_word' id='word_1_112' title='bbox 335 1805 406 1889; x_wconf 85' lang='grc' dir='ltr'><strong>περὶ</strong></span> <span class='ocrx_word' id='word_1_113' title='bbox 428 1809 534 1870; x_wconf 81' lang='grc' dir='ltr'><strong>τούτου</strong></span> <span class='ocrx_word' id='word_1_114' title='bbox 557 1805 729 1892; x_wconf 84' lang='grc' dir='ltr'><strong>οἰσράλειαν</strong></span> <span class='ocrx_word' id='word_1_115' title='bbox 751 1827 781 1870; x_wconf 93' lang='grc' dir='ltr'><strong>κ.</strong></span> <span class='ocrx_word' id='word_1_116' title='bbox 805 1829 830 1868; x_wconf 91' lang='grc' dir='ltr'><strong>τ.</strong></span> <span class='ocrx_word' id='word_1_117' title='bbox 853 1807 881 1870; x_wconf 91' lang='grc' dir='ltr'><strong>λ.</strong></span> <span class='ocrx_word' id='word_1_118' title='bbox 905 1810 935 1885; x_wconf 89' lang='lat'><strong>†.</strong></span> 
     </span>
    </p>

    <p class='ocr_par' dir='ltr' id='par_1_3' title="bbox 100 1923 1337 2126">
     <span class='ocr_line' id='line_1_14' title="bbox 197 1923 1337 2010; baseline 0 -22"><span class='ocrx_word' id='word_1_119' title='bbox 197 1927 219 2002; x_wconf 87' lang='lat'>†</span> <span class='ocrx_word' id='word_1_120' title='bbox 256 1923 365 2008; x_wconf 81' lang='grc' dir='ltr'><strong>Είχε</strong></span> <span class='ocrx_word' id='word_1_121' title='bbox 401 1925 477 1987; x_wconf 82' lang='grc' dir='ltr'><strong>διὰ</strong></span> <span class='ocrx_word' id='word_1_122' title='bbox 513 1932 857 2009; x_wconf 82' lang='grc' dir='ltr'><strong>πατριαρχικῆς</strong></span> <span class='ocrx_word' id='word_1_123' title='bbox 898 1929 974 1988; x_wconf 89' lang='grc' dir='ltr'><strong>καί</strong></span> <span class='ocrx_word' id='word_1_124' title='bbox 1011 1927 1145 1996; x_wconf 77' lang='grc' dir='ltr'><strong>θείας</strong></span> <span class='ocrx_word' id='word_1_125' title='bbox 1180 1927 1337 2010; x_wconf 88' lang='grc' dir='ltr'><strong>χειρός</strong></span> 
     </span>
     <span class='ocr_line' id='line_1_15' title="bbox 100 2040 853 2126; baseline 0 -22"><span class='ocrx_word' id='word_1_126' title='bbox 100 2044 179 2105; x_wconf 78' lang='grc' dir='ltr'><strong>τό·</strong></span> <span class='ocrx_word' id='word_1_127' title='bbox 216 2046 320 2125; x_wconf 87' lang='grc' dir='ltr'><strong>μηνί</strong></span> <span class='ocrx_word' id='word_1_128' title='bbox 351 2041 601 2126; x_wconf 77' lang='grc' dir='ltr'><strong>ίανοοαρίφ</strong></span> <span class='ocrx_word' id='word_1_129' title='bbox 632 2041 710 2105; x_wconf 84' lang='grc' dir='ltr'><strong>ίνδ.</strong></span> <span class='ocrx_word' id='word_1_130' title='bbox 745 2040 793 2122; x_wconf 85' lang='grc' dir='ltr'><strong>ιβ’</strong></span> <span class='ocrx_word' id='word_1_131' title='bbox 823 2044 853 2119; x_wconf 90' lang='lat'><strong>†.</strong></span> 
     </span>
    </p>
   </div>
   <div class='ocr_carea' id='block_1_3' title="bbox 106 2226 1338 2678">
    <p class='ocr_par' dir='ltr' id='par_1_4' title="bbox 106 2226 1338 2678">
     <span class='ocr_line' id='line_1_16' title="bbox 390 2226 1064 2320; baseline -0.003 -26"><span class='ocrx_word' id='word_1_132' title='bbox 390 2228 536 2294; x_wconf 68' lang='lat' dir='ltr'><strong>cmxl.</strong></span> <span class='ocrx_word' id='word_1_133' title='bbox 559 2229 801 2309; x_wconf 74' lang='grc' dir='ltr'><strong>(οσον-1359)</strong></span> <span class='ocrx_word' id='word_1_134' title='bbox 816 2227 897 2292; x_wconf 66' lang='lat' dir='ltr'><strong>maio</strong></span> <span class='ocrx_word' id='word_1_135' title='bbox 911 2226 975 2290; x_wconf 72' lang='lat' dir='ltr'><strong>ind.</strong></span> <span class='ocrx_word' id='word_1_136' title='bbox 991 2227 1064 2320; x_wconf 70' lang='grc' dir='ltr'><strong>κη,</strong></span> 
     </span>
     <span class='ocr_line' id='line_1_17' title="bbox 106 2355 1338 2464; baseline 0 -42"><span class='ocrx_word' id='word_1_137' title='bbox 106 2370 243 2440; x_wconf 66' lang='grc' dir='ltr'><strong>Εγιιοιίιω</strong></span> <span class='ocrx_word' id='word_1_138' title='bbox 262 2372 399 2442; x_wconf 57' lang='grc' dir='ltr'><strong>τταιιεγοτί</strong></span> <span class='ocrx_word' id='word_1_139' title='bbox 416 2355 617 2439; x_wconf 62' lang='lat' dir='ltr'><strong>metropolitam</strong></span> <span class='ocrx_word' id='word_1_140' title='bbox 633 2369 759 2422; x_wconf 74' lang='lat' dir='ltr'><strong><em>Bn&#39;m‘m</em></strong></span> <span class='ocrx_word' id='word_1_141' title='bbox 778 2372 808 2421; x_wconf 83' lang='grc' dir='ltr'><strong>ίκ</strong></span> <span class='ocrx_word' id='word_1_142' title='bbox 821 2369 990 2438; x_wconf 73' lang='grc' dir='ltr'><strong>αναίτοροῑίπι</strong></span> <span class='ocrx_word' id='word_1_143' title='bbox 1011 2371 1093 2422; x_wconf 68' lang='lat' dir='ltr'><strong>totius</strong></span> <span class='ocrx_word' id='word_1_144' title='bbox 1116 2369 1338 2464; x_wconf 74' lang='grc' dir='ltr'><strong>Πκρτονίατλίαο,</strong></span> 
     </span>
     <span class='ocr_line' id='line_1_18' title="bbox 110 2486 1338 2556; baseline 0.002 -14"><span class='ocrx_word' id='word_1_145' title='bbox 110 2490 300 2550; x_wconf 66' lang='lat' dir='ltr'><strong>constitum,</strong></span> <span class='ocrx_word' id='word_1_146' title='bbox 335 2498 367 2542; x_wconf 68' lang='grc' dir='ltr'><strong>κά</strong></span> <span class='ocrx_word' id='word_1_147' title='bbox 391 2490 505 2543; x_wconf 65' lang='lat' dir='ltr'><strong>aeclesia</strong></span> <span class='ocrx_word' id='word_1_148' title='bbox 535 2487 750 2556; x_wconf 70' lang='grc' dir='ltr'><strong>Ππμτονίιτοάίαο</strong></span> <span class='ocrx_word' id='word_1_149' title='bbox 774 2489 895 2540; x_wconf 68' lang='lat' dir='ltr'><strong>subiecta</strong></span> <span class='ocrx_word' id='word_1_150' title='bbox 925 2489 962 2540; x_wconf 70' lang='grc' dir='ltr'><strong>πάι</strong></span> <span class='ocrx_word' id='word_1_151' title='bbox 992 2488 1118 2542; x_wconf 65' lang='lat' dir='ltr'><strong>acclesiae</strong></span> <span class='ocrx_word' id='word_1_152' title='bbox 1142 2486 1338 2543; x_wconf 68' lang='grc' dir='ltr'><strong>ὄοιιαίακίύαο-</strong></span> 
     </span>
     <span class='ocr_line' id='line_1_19' title="bbox 655 2608 810 2678; baseline 0.026 -18"><span class='ocrx_word' id='word_1_153' title='bbox 655 2608 810 2678; x_wconf 74' lang='lat' dir='ltr'><strong><em>politanae.</em></strong></span> 
     </span>
    </p>
   </div>
   <div class='ocr_carea' id='block_1_4' title="bbox 110 2746 1344 4490">
    <p class='ocr_par' dir='ltr' id='par_1_5' title="bbox 110 2746 1344 4490">
     <span class='ocr_line' id='line_1_20' title="bbox 201 2746 1339 2836; baseline 0 -22"><span class='ocrx_word' id='word_1_154' title='bbox 201 2751 224 2814; x_wconf 93' lang='lat'><strong>1.</strong></span> <span class='ocrx_word' id='word_1_155' title='bbox 249 2755 269 2828; x_wconf 88' lang='lat'><strong>†</strong></span> <span class='ocrx_word' id='word_1_156' title='bbox 291 2749 325 2815; x_wconf 82' lang='lat'><strong>‘0</strong></span> <span class='ocrx_word' id='word_1_157' title='bbox 348 2747 564 2828; x_wconf 83' lang='grc' dir='ltr'><strong>τόγενίστατος</strong></span> <span class='ocrx_word' id='word_1_158' title='bbox 587 2755 685 2835; x_wconf 81' lang='grc' dir='ltr'><strong>μίγας</strong></span> <span class='ocrx_word' id='word_1_159' title='bbox 708 2752 853 2832; x_wconf 84' lang='grc' dir='ltr'><strong>βοῑβόδας</strong></span> <span class='ocrx_word' id='word_1_160' title='bbox 875 2749 930 2814; x_wconf 83' lang='grc' dir='ltr'><strong>καὶ</strong></span> <span class='ocrx_word' id='word_1_161' title='bbox 953 2747 1106 2835; x_wconf 76' lang='grc' dir='ltr'><strong>αύύόντης</strong></span> <span class='ocrx_word' id='word_1_162' title='bbox 1131 2755 1233 2836; x_wconf 85' lang='grc' dir='ltr'><strong>πάσης</strong></span> <span class='ocrx_word' id='word_1_163' title='bbox 1255 2746 1339 2829; x_wconf 84' lang='grc' dir='ltr'><strong>θύγ-</strong></span> 
     </span>
     <span class='ocr_line' id='line_1_21' title="bbox 113 2866 1339 2954; baseline 0 -22"><span class='ocrx_word' id='word_1_164' title='bbox 113 2871 318 2953; x_wconf 85' lang='grc' dir='ltr'><strong>γροβλαχίας,</strong></span> <span class='ocrx_word' id='word_1_165' title='bbox 341 2867 373 2933; x_wconf 86' lang='grc' dir='ltr'><strong>ἐν</strong></span> <span class='ocrx_word' id='word_1_166' title='bbox 393 2867 471 2952; x_wconf 80' lang='grc' dir='ltr'><strong>άγίιρ</strong></span> <span class='ocrx_word' id='word_1_167' title='bbox 492 2872 640 2952; x_wconf 89' lang='grc' dir='ltr'><strong>πνεύματι</strong></span> <span class='ocrx_word' id='word_1_168' title='bbox 656 2875 861 2954; x_wconf 78' lang='grc' dir='ltr'><strong>γνησιώτατος</strong></span> <span class='ocrx_word' id='word_1_169' title='bbox 883 2867 947 2942; x_wconf 84' lang='grc' dir='ltr'><strong>οἱύς</strong></span> <span class='ocrx_word' id='word_1_170' title='bbox 963 2879 1016 2954; x_wconf 78' lang='grc' dir='ltr'><strong>τῆς</strong></span> <span class='ocrx_word' id='word_1_171' title='bbox 1031 2866 1116 2954; x_wconf 77' lang='grc' dir='ltr'><strong>ἡμῶν</strong></span> <span class='ocrx_word' id='word_1_172' title='bbox 1133 2874 1339 2954; x_wconf 86' lang='grc' dir='ltr'><strong>μετριότητος,</strong></span> 
     </span>
     <span class='ocr_line' id='line_1_22' title="bbox 110 2983 1341 3072; baseline 0.002 -23"><span class='ocrx_word' id='word_1_173' title='bbox 110 2995 170 3070; x_wconf 84' lang='grc' dir='ltr'><strong>κύρ</strong></span> <span class='ocrx_word' id='word_1_174' title='bbox 193 2985 410 3070; x_wconf 74' lang='grc' dir='ltr'><strong>Ἀλίίανδρος,</strong></span> <span class='ocrx_word' id='word_1_175' title='bbox 434 2983 490 3050; x_wconf 82' lang='grc' dir='ltr'><strong>ύπύ</strong></span> <span class='ocrx_word' id='word_1_176' title='bbox 513 2989 663 3072; x_wconf 77' lang='grc' dir='ltr'><strong>φιλοθόοο</strong></span> <span class='ocrx_word' id='word_1_177' title='bbox 692 2991 816 3072; x_wconf 81' lang='grc' dir='ltr'><strong>γνώμης</strong></span> <span class='ocrx_word' id='word_1_178' title='bbox 843 2991 1041 3072; x_wconf 72' lang='grc' dir='ltr'><strong>κεκινημένος</strong></span> <span class='ocrx_word' id='word_1_179' title='bbox 1068 2992 1122 3050; x_wconf 91' lang='grc' dir='ltr'><strong>καί</strong></span> <span class='ocrx_word' id='word_1_180' title='bbox 1147 2990 1263 3072; x_wconf 76' lang='grc' dir='ltr'><strong>πολλὴν</strong></span> <span class='ocrx_word' id='word_1_181' title='bbox 1290 2987 1341 3051; x_wconf 83' lang='grc' dir='ltr'><strong>ἐν·</strong></span> 
     </span>
     <span class='ocr_line' id='line_1_23' title="bbox 114 3100 1342 3190; baseline 0 -24"><span class='ocrx_word' id='word_1_182' title='bbox 114 3105 315 3186; x_wconf 84' lang='grc' dir='ltr'><strong>δεικνύμινος</strong></span> <span class='ocrx_word' id='word_1_183' title='bbox 337 3106 391 3187; x_wconf 81' lang='grc' dir='ltr'><strong>τήν</strong></span> <span class='ocrx_word' id='word_1_184' title='bbox 413 3106 543 3188; x_wconf 79' lang='grc' dir='ltr'><strong>στοργὴν</strong></span> <span class='ocrx_word' id='word_1_185' title='bbox 564 3110 620 3168; x_wconf 87' lang='grc' dir='ltr'><strong>καὶ</strong></span> <span class='ocrx_word' id='word_1_186' title='bbox 643 3101 797 3189; x_wconf 87' lang='grc' dir='ltr'><strong>ύποταγήν</strong></span> <span class='ocrx_word' id='word_1_187' title='bbox 819 3109 874 3168; x_wconf 85' lang='grc' dir='ltr'><strong>καί</strong></span> <span class='ocrx_word' id='word_1_188' title='bbox 900 3100 1076 3166; x_wconf 79' lang='grc' dir='ltr'><strong>εύπείδειαν</strong></span> <span class='ocrx_word' id='word_1_189' title='bbox 1104 3105 1147 3176; x_wconf 81' lang='grc' dir='ltr'><strong>τίς</strong></span> <span class='ocrx_word' id='word_1_190' title='bbox 1174 3107 1228 3190; x_wconf 81' lang='grc' dir='ltr'><strong>την</strong></span> <span class='ocrx_word' id='word_1_191' title='bbox 1251 3103 1342 3182; x_wconf 83' lang='grc' dir='ltr'><strong>ἁγίαν</strong></span> 
     </span>
     <span class='ocr_line' id='line_1_24' title="bbox 116 3219 1341 3308; baseline -0.001 -23"><span class='ocrx_word' id='word_1_192' title='bbox 116 3231 172 3286; x_wconf 82' lang='grc' dir='ltr'><strong>τοῦ</strong></span> <span class='ocrx_word' id='word_1_193' title='bbox 194 3227 274 3284; x_wconf 77' lang='grc' dir='ltr'><strong>θεοῦ</strong></span> <span class='ocrx_word' id='word_1_194' title='bbox 296 3223 471 3305; x_wconf 72' lang='grc' dir='ltr'><strong>καθολικὴν</strong></span> <span class='ocrx_word' id='word_1_195' title='bbox 493 3221 548 3284; x_wconf 87' lang='grc' dir='ltr'><strong>καὶ</strong></span> <span class='ocrx_word' id='word_1_196' title='bbox 571 3221 778 3307; x_wconf 83' lang='grc' dir='ltr'><strong>ἀποστολικήν</strong></span> <span class='ocrx_word' id='word_1_197' title='bbox 802 3223 984 3305; x_wconf 87' lang='grc' dir='ltr'><strong>ἐκκλησίαν,</strong></span> <span class='ocrx_word' id='word_1_198' title='bbox 1009 3221 1155 3308; x_wconf 72' lang='grc' dir='ltr'><strong>ἐζήτησεν</strong></span> <span class='ocrx_word' id='word_1_199' title='bbox 1186 3219 1222 3286; x_wconf 83' lang='grc' dir='ltr'><strong>ού</strong></span> <span class='ocrx_word' id='word_1_200' title='bbox 1249 3225 1341 3306; x_wconf 92' lang='grc' dir='ltr'><strong>μόνον</strong></span> 
     </span>
     <span class='ocr_line' id='line_1_25' title="bbox 117 3338 1342 3427; baseline -0.001 -23"><span class='ocrx_word' id='word_1_201' title='bbox 117 3339 208 3414; x_wconf 73' lang='grc' dir='ltr'><strong>ἅπαξ,</strong></span> <span class='ocrx_word' id='word_1_202' title='bbox 233 3338 314 3402; x_wconf 83' lang='grc' dir='ltr'><strong>σίλλὰ</strong></span> <span class='ocrx_word' id='word_1_203' title='bbox 335 3343 391 3402; x_wconf 89' lang='grc' dir='ltr'><strong>καί</strong></span> <span class='ocrx_word' id='word_1_204' title='bbox 411 3341 563 3412; x_wconf 77' lang='grc' dir='ltr'><strong>πολλάκις</strong></span> <span class='ocrx_word' id='word_1_205' title='bbox 583 3343 636 3404; x_wconf 84' lang='grc' dir='ltr'><strong>διὰ</strong></span> <span class='ocrx_word' id='word_1_206' title='bbox 658 3346 843 3426; x_wconf 76' lang='grc' dir='ltr'><strong>γραμμάτων</strong></span> <span class='ocrx_word' id='word_1_207' title='bbox 868 3339 960 3405; x_wconf 78' lang='grc' dir='ltr'><strong>αὐτοῦ</strong></span> <span class='ocrx_word' id='word_1_208' title='bbox 982 3346 1037 3404; x_wconf 90' lang='grc' dir='ltr'><strong>καί</strong></span> <span class='ocrx_word' id='word_1_209' title='bbox 1052 3341 1171 3426; x_wconf 76' lang='grc' dir='ltr'><strong>ἐδεήθη</strong></span> <span class='ocrx_word' id='word_1_210' title='bbox 1186 3352 1241 3427; x_wconf 84' lang='grc' dir='ltr'><strong>τῆς</strong></span> <span class='ocrx_word' id='word_1_211' title='bbox 1256 3339 1342 3425; x_wconf 80' lang='grc' dir='ltr'><strong>ἡμῶν</strong></span> 
     </span>
     <span class='ocr_line' id='line_1_26' title="bbox 119 3457 1344 3544; baseline 0.002 -24"><span class='ocrx_word' id='word_1_212' title='bbox 119 3462 320 3542; x_wconf 80' lang='grc' dir='ltr'><strong>μετριότητος</strong></span> <span class='ocrx_word' id='word_1_213' title='bbox 342 3463 396 3521; x_wconf 84' lang='grc' dir='ltr'><strong>καί</strong></span> <span class='ocrx_word' id='word_1_214' title='bbox 418 3467 472 3542; x_wconf 83' lang='grc' dir='ltr'><strong>τῆς</strong></span> <span class='ocrx_word' id='word_1_215' title='bbox 494 3463 561 3542; x_wconf 84' lang='grc' dir='ltr'><strong>περί</strong></span> <span class='ocrx_word' id='word_1_216' title='bbox 583 3457 677 3544; x_wconf 77' lang='grc' dir='ltr'><strong>αὐτὴν</strong></span> <span class='ocrx_word' id='word_1_217' title='bbox 705 3463 797 3531; x_wconf 74' lang='grc' dir='ltr'><strong>θείας</strong></span> <span class='ocrx_word' id='word_1_218' title='bbox 822 3465 877 3522; x_wconf 81' lang='grc' dir='ltr'><strong>καὶ</strong></span> <span class='ocrx_word' id='word_1_219' title='bbox 903 3458 985 3543; x_wconf 81' lang='grc' dir='ltr'><strong>ἱερᾶς</strong></span> <span class='ocrx_word' id='word_1_220' title='bbox 1013 3461 1155 3534; x_wconf 86' lang='grc' dir='ltr'><strong>σονόδοο,</strong></span> <span class='ocrx_word' id='word_1_221' title='bbox 1183 3458 1224 3531; x_wconf 83' lang='grc' dir='ltr'><strong>ώς</strong></span> <span class='ocrx_word' id='word_1_222' title='bbox 1251 3459 1288 3524; x_wconf 81' lang='grc' dir='ltr'><strong>ἂν</strong></span> <span class='ocrx_word' id='word_1_223' title='bbox 1315 3459 1344 3542; x_wconf 70' lang='grc' dir='ltr'><strong>η’</strong></span> 
     </span>
     <span class='ocr_line' id='line_1_27' title="bbox 118 3573 1343 3662; baseline 0.002 -22"><span class='ocrx_word' id='word_1_224' title='bbox 118 3573 244 3640; x_wconf 75' lang='grc' dir='ltr'><strong>τύάπύ</strong></span> <span class='ocrx_word' id='word_1_225' title='bbox 271 3577 361 3638; x_wconf 81' lang='grc' dir='ltr'><strong>τοῦδε</strong></span> <span class='ocrx_word' id='word_1_226' title='bbox 388 3575 443 3638; x_wconf 84' lang='grc' dir='ltr'><strong>καὶ</strong></span> <span class='ocrx_word' id='word_1_227' title='bbox 470 3575 513 3647; x_wconf 87' lang='grc' dir='ltr'><strong>εἰς</strong></span> <span class='ocrx_word' id='word_1_228' title='bbox 539 3580 573 3640; x_wconf 86' lang='grc' dir='ltr'><strong>τό</strong></span> <span class='ocrx_word' id='word_1_229' title='bbox 601 3576 670 3661; x_wconf 74' lang='grc' dir='ltr'><strong>ἑξῆς</strong></span> <span class='ocrx_word' id='word_1_230' title='bbox 698 3573 786 3649; x_wconf 87' lang='grc' dir='ltr'><strong>ούτος</strong></span> <span class='ocrx_word' id='word_1_231' title='bbox 812 3574 906 3662; x_wconf 77' lang='grc' dir='ltr'><strong>καὶὴ</strong></span> <span class='ocrx_word' id='word_1_232' title='bbox 933 3589 1019 3641; x_wconf 90' lang='grc' dir='ltr'><strong>πᾶσα</strong></span> <span class='ocrx_word' id='word_1_233' title='bbox 1045 3574 1137 3640; x_wconf 76' lang='grc' dir='ltr'><strong>αὐτοῦ</strong></span> <span class='ocrx_word' id='word_1_234' title='bbox 1164 3578 1343 3660; x_wconf 77' lang='grc' dir='ltr'><strong>ἐπικράτεια</strong></span> 
     </span>
     <span class='ocr_line' id='line_1_28' title="bbox 118 3691 1341 3780; baseline 0 -20"><span class='ocrx_word' id='word_1_235' title='bbox 118 3702 174 3760; x_wconf 87' lang='grc' dir='ltr'><strong>καί</strong></span> <span class='ocrx_word' id='word_1_236' title='bbox 197 3695 279 3778; x_wconf 81' lang='grc' dir='ltr'><strong>ἀρχὴ</strong></span> <span class='ocrx_word' id='word_1_237' title='bbox 302 3691 358 3758; x_wconf 88' lang='grc' dir='ltr'><strong>ύπό</strong></span> <span class='ocrx_word' id='word_1_238' title='bbox 381 3697 434 3778; x_wconf 80' lang='grc' dir='ltr'><strong>τὴν</strong></span> <span class='ocrx_word' id='word_1_239' title='bbox 457 3693 717 3780; x_wconf 79' lang='grc' dir='ltr'><strong>ἐκκλησιαστικην</strong></span> <span class='ocrx_word' id='word_1_240' title='bbox 741 3695 899 3780; x_wconf 82' lang='grc' dir='ltr'><strong>ἀνάκρισιν</strong></span> <span class='ocrx_word' id='word_1_241' title='bbox 921 3701 975 3759; x_wconf 84' lang='grc' dir='ltr'><strong>καὶ</strong></span> <span class='ocrx_word' id='word_1_242' title='bbox 993 3698 1181 3780; x_wconf 77' lang='grc' dir='ltr'><strong>διεξαγωγὴν</strong></span> <span class='ocrx_word' id='word_1_243' title='bbox 1196 3705 1250 3780; x_wconf 80' lang='grc' dir='ltr'><strong>τῆς</strong></span> <span class='ocrx_word' id='word_1_244' title='bbox 1264 3695 1341 3760; x_wconf 73' lang='grc' dir='ltr'><strong>καθ’</strong></span> 
     </span>
     <span class='ocr_line' id='line_1_29' title="bbox 118 3811 1343 3899; baseline 0.001 -23"><span class='ocrx_word' id='word_1_245' title='bbox 118 3813 203 3899; x_wconf 80' lang='grc' dir='ltr'><strong>ἡμᾶς</strong></span> <span class='ocrx_word' id='word_1_246' title='bbox 226 3811 399 3896; x_wconf 82' lang='grc' dir='ltr'><strong>ἁγιωτάτης</strong></span> <span class='ocrx_word' id='word_1_247' title='bbox 421 3821 474 3876; x_wconf 83' lang='grc' dir='ltr'><strong>τοῦ</strong></span> <span class='ocrx_word' id='word_1_248' title='bbox 497 3815 575 3876; x_wconf 79' lang='grc' dir='ltr'><strong>θεοῦ</strong></span> <span class='ocrx_word' id='word_1_249' title='bbox 600 3814 737 3898; x_wconf 80' lang='grc' dir='ltr'><strong>μεγάλης</strong></span> <span class='ocrx_word' id='word_1_250' title='bbox 760 3812 942 3898; x_wconf 83' lang='grc' dir='ltr'><strong>ἐκκλησίας,</strong></span> <span class='ocrx_word' id='word_1_251' title='bbox 965 3819 1019 3875; x_wconf 81' lang='grc' dir='ltr'><strong>καὶ</strong></span> <span class='ocrx_word' id='word_1_252' title='bbox 1041 3815 1163 3896; x_wconf 72' lang='grc' dir='ltr'><strong>δέξηται</strong></span> <span class='ocrx_word' id='word_1_253' title='bbox 1187 3811 1343 3898; x_wconf 81' lang='grc' dir='ltr'><strong>ὰρχιερέα,</strong></span> 
     </span>
     <span class='ocr_line' id='line_1_30' title="bbox 120 3909 1343 4020; baseline 0 -26"><span class='ocrx_word' id='word_1_254' title='bbox 120 3935 311 4016; x_wconf 71' lang='grc' dir='ltr'><strong>χειροτονίαν</strong></span> <span class='ocrx_word' id='word_1_255' title='bbox 334 3928 407 3992; x_wconf 77' lang='grc' dir='ltr'><strong>ὄντα</strong></span> <span class='ocrx_word' id='word_1_256' title='bbox 429 3939 483 4016; x_wconf 85' lang='grc' dir='ltr'><strong>τῆς</strong></span> <span class='ocrx_word' id='word_1_257' title='bbox 503 3928 589 4015; x_wconf 82' lang='grc' dir='ltr'><strong>ἡμῶν</strong></span> <span class='ocrx_word' id='word_1_258' title='bbox 613 3935 808 4016; x_wconf 85' lang='grc' dir='ltr'><strong>μετριότητος</strong></span> <span class='ocrx_word' id='word_1_259' title='bbox 834 3909 888 3994; x_wconf 89' lang='grc' dir='ltr'><strong>καί</strong></span> <span class='ocrx_word' id='word_1_260' title='bbox 908 3930 955 4020; x_wconf 83' lang='grc' dir='ltr'><strong>εὶςΙ</strong></span> <span class='ocrx_word' id='word_1_261' title='bbox 978 3933 1031 4013; x_wconf 81' lang='grc' dir='ltr'><strong>τήν</strong></span> <span class='ocrx_word' id='word_1_262' title='bbox 1058 3930 1149 3994; x_wconf 83' lang='grc' dir='ltr'><strong>θείαν</strong></span> <span class='ocrx_word' id='word_1_263' title='bbox 1175 3936 1229 3994; x_wconf 88' lang='grc' dir='ltr'><strong>καί</strong></span> <span class='ocrx_word' id='word_1_264' title='bbox 1251 3931 1343 4015; x_wconf 84' lang='grc' dir='ltr'><strong>ἱεράν,</strong></span> 
     </span>
     <span class='ocr_line' id='line_1_31' title="bbox 122 4048 1343 4135; baseline 0 -22"><span class='ocrx_word' id='word_1_265' title='bbox 122 4049 250 4113; x_wconf 83' lang='grc' dir='ltr'><strong>σύνοδον</strong></span> <span class='ocrx_word' id='word_1_266' title='bbox 273 4049 428 4123; x_wconf 81' lang='grc' dir='ltr'><strong>τελοῦντα,</strong></span> <span class='ocrx_word' id='word_1_267' title='bbox 450 4053 504 4112; x_wconf 88' lang='grc' dir='ltr'><strong>καί</strong></span> <span class='ocrx_word' id='word_1_268' title='bbox 528 4049 588 4132; x_wconf 78' lang='grc' dir='ltr'><strong>ἐχη</strong></span> <span class='ocrx_word' id='word_1_269' title='bbox 611 4057 718 4112; x_wconf 78' lang='grc' dir='ltr'><strong>τοῦτον</strong></span> <span class='ocrx_word' id='word_1_270' title='bbox 740 4049 781 4122; x_wconf 86' lang='grc' dir='ltr'><strong>ώς</strong></span> <span class='ocrx_word' id='word_1_271' title='bbox 804 4053 929 4134; x_wconf 82' lang='grc' dir='ltr'><strong>γνήσιον</strong></span> <span class='ocrx_word' id='word_1_272' title='bbox 943 4053 1072 4132; x_wconf 78' lang='grc' dir='ltr'><strong>ποιμένα</strong></span> <span class='ocrx_word' id='word_1_273' title='bbox 1086 4053 1187 4135; x_wconf 82' lang='grc' dir='ltr'><strong>πάσης</strong></span> <span class='ocrx_word' id='word_1_274' title='bbox 1203 4048 1343 4133; x_wconf 85' lang='grc' dir='ltr'><strong>Ούγγρο·</strong></span> 
     </span>
     <span class='ocr_line' id='line_1_32' title="bbox 123 4161 1343 4251; baseline 0.002 -23"><span class='ocrx_word' id='word_1_275' title='bbox 123 4167 257 4250; x_wconf 83' lang='grc' dir='ltr'><strong>βλαχίας</strong></span> <span class='ocrx_word' id='word_1_276' title='bbox 280 4163 324 4236; x_wconf 86' lang='grc' dir='ltr'><strong>είς</strong></span> <span class='ocrx_word' id='word_1_277' title='bbox 347 4161 488 4243; x_wconf 78' lang='grc' dir='ltr'><strong>εὐλογίαν</strong></span> <span class='ocrx_word' id='word_1_278' title='bbox 510 4171 565 4230; x_wconf 84' lang='grc' dir='ltr'><strong>καί</strong></span> <span class='ocrx_word' id='word_1_279' title='bbox 586 4170 790 4251; x_wconf 78' lang='grc' dir='ltr'><strong>πνευματικόν</strong></span> <span class='ocrx_word' id='word_1_280' title='bbox 813 4168 1020 4249; x_wconf 78' lang='grc' dir='ltr'><strong>καταρτισμὸν</strong></span> <span class='ocrx_word' id='word_1_281' title='bbox 1043 4163 1135 4229; x_wconf 82' lang='grc' dir='ltr'><strong>αύτοώ</strong></span> <span class='ocrx_word' id='word_1_282' title='bbox 1157 4190 1189 4230; x_wconf 88' lang='grc' dir='ltr'><strong>τε</strong></span> <span class='ocrx_word' id='word_1_283' title='bbox 1209 4173 1264 4232; x_wconf 85' lang='grc' dir='ltr'><strong>καί</strong></span> <span class='ocrx_word' id='word_1_284' title='bbox 1286 4179 1343 4232; x_wconf 86' lang='grc' dir='ltr'><strong>τών</strong></span> 
     </span>
     <span class='ocr_line' id='line_1_33' title="bbox 121 4281 1343 4371; baseline 0.001 -24"><span class='ocrx_word' id='word_1_285' title='bbox 121 4286 239 4348; x_wconf 84' lang='grc' dir='ltr'><strong>παίδων</strong></span> <span class='ocrx_word' id='word_1_286' title='bbox 261 4282 316 4346; x_wconf 77' lang='grc' dir='ltr'><strong>καί</strong></span> <span class='ocrx_word' id='word_1_287' title='bbox 335 4286 437 4367; x_wconf 88' lang='grc' dir='ltr'><strong>πάσης</strong></span> <span class='ocrx_word' id='word_1_288' title='bbox 465 4293 518 4368; x_wconf 79' lang='grc' dir='ltr'><strong>της</strong></span> <span class='ocrx_word' id='word_1_289' title='bbox 543 4282 641 4369; x_wconf 80' lang='grc' dir='ltr'><strong>ἀρχῆς</strong></span> <span class='ocrx_word' id='word_1_290' title='bbox 670 4281 776 4348; x_wconf 88' lang='grc' dir='ltr'><strong>αύτοώ·</strong></span> <span class='ocrx_word' id='word_1_291' title='bbox 805 4286 853 4347; x_wconf 86' lang='grc' dir='ltr'><strong>διό</strong></span> <span class='ocrx_word' id='word_1_292' title='bbox 878 4289 933 4348; x_wconf 88' lang='grc' dir='ltr'><strong>καὶ</strong></span> <span class='ocrx_word' id='word_1_293' title='bbox 958 4289 1015 4368; x_wconf 85' lang='grc' dir='ltr'><strong>πρό</strong></span> <span class='ocrx_word' id='word_1_294' title='bbox 1042 4305 1121 4358; x_wconf 88' lang='grc' dir='ltr'><strong>τινος</strong></span> <span class='ocrx_word' id='word_1_295' title='bbox 1146 4285 1208 4371; x_wconf 83' lang='grc' dir='ltr'><strong>ἤδη</strong></span> <span class='ocrx_word' id='word_1_296' title='bbox 1234 4296 1343 4368; x_wconf 81' lang='grc' dir='ltr'><strong>καιροῦ</strong></span> 
     </span>
     <span class='ocr_line' id='line_1_34' title="bbox 123 4400 1343 4490; baseline 0 -24"><span class='ocrx_word' id='word_1_297' title='bbox 123 4403 374 4487; x_wconf 78' lang='grc' dir='ltr'><strong>προσεκαλύσατο</strong></span> <span class='ocrx_word' id='word_1_298' title='bbox 395 4402 605 4485; x_wconf 72' lang='grc' dir='ltr'><strong>πλησιάζοντα</strong></span> <span class='ocrx_word' id='word_1_299' title='bbox 628 4400 709 4484; x_wconf 75' lang='grc' dir='ltr'><strong>αότηῖ</strong></span> <span class='ocrx_word' id='word_1_300' title='bbox 734 4406 784 4466; x_wconf 81' lang='grc' dir='ltr'><strong>τὸν</strong></span> <span class='ocrx_word' id='word_1_301' title='bbox 808 4401 967 4486; x_wconf 86' lang='grc' dir='ltr'><strong>ἱερώτατον</strong></span> <span class='ocrx_word' id='word_1_302' title='bbox 994 4407 1216 4490; x_wconf 87' lang='grc' dir='ltr'><strong>μητροπολίτην</strong></span> <span class='ocrx_word' id='word_1_303' title='bbox 1238 4405 1343 4474; x_wconf 56' lang='lat' dir='ltr'><strong>Bau·</strong></span> 
     </span>
    </p>
   </div>
   <div class='ocr_carea' id='block_1_5' title="bbox 0 4517 1344 4606">
    <p class='ocr_par' dir='ltr' id='par_1_6' title="bbox 0 4517 1344 4606">
     <span class='ocr_line' id='line_1_35' title="bbox 0 4517 1344 4606; baseline -0.002 -21"><span class='ocrx_word' id='word_1_304' title='bbox 0 4549 1 4558; x_wconf 36' lang='grc' dir='ltr'><strong>ι</strong></span> <span class='ocrx_word' id='word_1_305' title='bbox 125 4541 187 4605; x_wconf 90' lang='grc' dir='ltr'><strong>νης,</strong></span> <span class='ocrx_word' id='word_1_306' title='bbox 211 4517 384 4605; x_wconf 81' lang='grc' dir='ltr'><strong>ύτέρτιμον,</strong></span> <span class='ocrx_word' id='word_1_307' title='bbox 407 4517 564 4604; x_wconf 82' lang='grc' dir='ltr'><strong>ἀγαπητόν</strong></span> <span class='ocrx_word' id='word_1_308' title='bbox 586 4525 668 4584; x_wconf 78' lang='grc' dir='ltr'><strong>κατὰ</strong></span> <span class='ocrx_word' id='word_1_309' title='bbox 690 4522 795 4603; x_wconf 90' lang='grc' dir='ltr'><strong>κύριον</strong></span> <span class='ocrx_word' id='word_1_310' title='bbox 818 4519 950 4605; x_wconf 82' lang='grc' dir='ltr'><strong>σίδελρύν</strong></span> <span class='ocrx_word' id='word_1_311' title='bbox 966 4527 1031 4585; x_wconf 55' lang='grc' dir='ltr'><strong>καίῚ</strong></span> <span class='ocrx_word' id='word_1_312' title='bbox 1045 4523 1275 4605; x_wconf 84' lang='grc' dir='ltr'><strong>σιιλλειτσσργύν</strong></span> <span class='ocrx_word' id='word_1_313' title='bbox 1291 4531 1344 4606; x_wconf 80' lang='grc' dir='ltr'><strong>τῆς</strong></span> 
     </span>
    </p>
   </div>
   <div class='ocr_carea' id='block_1_6' title="bbox 0 0 1656 5282">
    <p class='ocr_par' dir='ltr' id='par_1_7' title="bbox 0 0 1656 5282">
     <span class='ocr_line' id='line_1_36' title="bbox 0 0 1656 5282; baseline 0 0"><span class='ocrx_word' id='word_1_314' title='bbox 0 0 1656 5282; x_wconf 95' lang='lat' dir='ltr'><strong> </strong></span> 
     </span>
    </p>
   </div>
  </div>
 </body>
</html>
