3282 5270
303 269 366 332 504

303 451 451 518 Λατίνων·
464 449 710 535 ἀποβαλλόμεθα
722 452 790 524 τούς
801 451 960 530 Λατίνους,
976 450 1018 524 ὡς
1032 463 1138 525 κακῶς
1152 456 1339 538 ποιήσαντας
1352 459 1406 516 καί
1420 473 1521 536 προσ-

303 575 418 643 θέντας
434 569 464 634 έν
487 571 530 654 τῷ
551 573 693 654 συμβόλῳ
713 580 767 656 τῆς
780 577 910 644 πίστεως
924 575 969 636 τῦ·
992 577 1046 636 καί
1061 571 1097 636 ἀκ
1111 581 1165 636 τοῦ
1180 572 1255 650 υἱοῦ,
1279 574 1311 636 έν
1326 571 1406 658 ιςάερ
1421 570 1457 636 οό
1472 573 1523 636 δεί

303 693 502 773 προστιθέναι
523 708 551 752 τι
573 691 607 753 τδ
628 692 770 772 παράπαν
792 688 812 774 ἢ
835 689 985 776 ἀφαιρείν,
1010 690 1090 754 ἀλλά
1112 692 1243 774 λέγομεν
1261 697 1316 756 καί
1337 700 1520 778 φρονοῦμεν,
1627 735 1628 738 ,

304 806 351 870 ὅτι
373 806 389 872 ό
411 810 510 892 πατὴρ
532 817 625 890 μόνος
646 805 678 870 έν
696 819 737 892 τῇ
760 806 835 890 ἁγία
856 812 909 871 καί
931 813 1069 891 μακαρία
1090 811 1188 891 τριάδι
1209 807 1290 873 ἀστίν
1317 807 1520 893 δμολογημό·

301 947 359 997 νιος
382 923 464 990 αίτία
486 929 592 989 τούτου
613 930 667 988 καί
688 935 741 989 τοῦ
763 923 852 1002 άγίου
866 929 1046 1009 πνεύματος,
1068 928 1176 998 καθάς
1198 923 1216 989 δ
1238 932 1335 1009 μέγας
1350 931 1427 1014 φησί
1441 928 1518 992 Διο-

302 1048 415 1122 νύσιος,
437 1042 485 1108 ότι
507 1047 583 1128 μόνη
604 1049 723 1128 πηγαία
744 1046 859 1128 θεότης
881 1043 962 1108 ἐστίν
984 1041 1001 1106 ό
1022 1046 1129 1128 πατὴρ,
1156 1041 1173 1108 δ
1205 1045 1239 1107 δὲ
1273 1043 1336 1117 υἱός
1369 1041 1428 1108 ούκ
1451 1045 1520 1108 ίσει
1627 1041 1628 1088 ³

302 1173 357 1246 τῆς
378 1171 431 1226 τοῦ
454 1161 542 1240 άγίοο
564 1164 732 1246 πνεύματος
754 1158 950 1232 ἀποστάσεως
973 1161 1078 1236 αἴτιος,
1093 1165 1202 1233 καθείς
1220 1183 1295 1248 φησι
1310 1161 1327 1225 ό
1342 1162 1518 1246 Δαμασκη·
1627 1197 1628 1234 ι

303 1265 363 1358 νῦς,
387 1280 434 1344 ὅτι
455 1280 495 1376 έκ.
513 1289 566 1344 τοῦ
589 1280 654 1344 οἱοῦ
676 1284 711 1344 τῦ
722 1288 850 1364 πνεῦμα
871 1276 908 1342 οό
930 1282 1070 1362 λέγομεν,
1093 1277 1160 1342 ἀλλ’
1184 1280 1249 1343 έστι
1271 1286 1325 1362 μίν
1347 1287 1437 1344 τοῦτο
1460 1280 1517 1359 έκ·4
1565 1341 1568 1348 ,
1627 1289 1628 1356 ᾖ

301 1403 503 1482 πορευόμενον
526 1399 563 1462 ίκ
584 1401 707 1481 πατρός,
740 1403 822 1461 κατὰ
844 1399 897 1482 τὴν
925 1405 978 1462 τοῦ
1010 1401 1116 1478 κυρίου
1140 1401 1248 1482 φωνὴν,
1283 1398 1349 1463 ἔστι
1374 1400 1409 1462 δέ
1434 1402 1518 1462 κατά
1627 1387 1628 1390 “

302 1519 354 1601 τὴν
387 1528 445 1580 τιῦν
478 1515 572 1594 ἁγίων
605 1517 809 1581 διδασκαλίαν
841 1519 895 1579 καί
916 1517 969 1579 διὰ
990 1525 1042 1579 τοῦ
1065 1514 1129 1578 υἱοῦ
1160 1519 1309 1602 πεφηνὸς,
1343 1517 1515 1600 ἐκλάμπον,
1627 1543 1628 1572 ι

302 1633 574 1725 ἀποστελλόμενον,
597 1637 830 1718 προερχόμενον,
864 1637 1091 1722 χορηγούμενον
1116 1639 1171 1697 καί
1197 1636 1368 1718 διδόμενον,
1392 1638 1514 1720 δηλαδὴ

301 1767 363 1825 τοῖς
386 1753 568 1836 ἀνθρώποις.
592 1757 630 1814 τά
652 1750 864 1837 ἀναφερόμενα
879 1751 980 1835 ἄζυμα
996 1751 1038 1824 εὶς
1053 1753 1231 1835 ἱερουργίαν,
1254 1749 1296 1836 ὣς
1318 1754 1359 1837 μὴ
1375 1756 1514 1837 παραδε-
1627 1741 1628 1794 Ῠ

299 1875 416 1960 δομὶνα
437 1883 474 1955 τῇ
496 1868 653 1953 δρθοδόξιρ
676 1880 729 1933 τοῦ
751 1871 882 1954 Χριστοῦ
905 1871 1072 1953 ἐκκλησία,
1089 1867 1124 1933 σύ
1146 1875 1321 1954 στέργομεν,
1345 1872 1464 1954 μᾶλλον
1486 1871 1514 1934 δ’

243 2085 247 2092 .
302 1991 525 2075 ἀποδεχόμεθα
557 1992 610 2074 τὴν
642 1992 693 2053 διὰ
716 2001 775 2054 τιῦν
790 1991 940 2072 ’ένζόμων
964 1988 1005 2062 ύς
1030 1991 1283 2075 παραδεδομένην
1315 1996 1371 2054 καί
1393 1995 1515 2077 συνήθη

300 2115 354 2173 καί
375 2111 493 2173 τελείαν
516 2106 721 2192 ὑπάρχουσαν,
743 2111 890 2180 καθόλως
911 2111 946 2172 δὲ
961 2111 1100 2191 λέγομεν,
1123 2106 1184 2173 όσα
1196 2113 1281 2192 παρὰ
1294 2110 1349 2194 τήν
1363 2111 1513 2193 διαταγην

300 2237 353 2290 τοῦ
368 2229 500 2310 Χριστοῦ
515 2231 641 2289 καὶτῶν
657 2224 751 2304 ἁγίων
767 2225 859 2290 ἀύτοῦ
875 2231 1024 2310 μαθητῶν
1038 2232 1093 2290 καί
1108 2237 1166 2289 τιῦν
1181 2224 1274 2302 ἀγίιον
1296 2230 1350 2289 καί
1365 2226 1511 2310 οίκυυμι-
1627 2283 1628 2322 ,

300 2358 391 2410 νικῶν
407 2348 538 2418 συνόδων
553 2357 699 2422 ποιοῦσιν,
717 2345 973 2429 ἀποβαλλόμεθα.
994 2351 1061 2429 περί
1083 2348 1117 2408 δὲ
1132 2355 1185 2408 τοῦ
1200 2345 1378 2410 ’ἀκινδύνου
1393 2345 1512 2409 ἐκείνου

299 2463 554 2548 λέγομενοῦτως·
578 2465 608 2526 εί
627 2488 670 2535 τις
692 2462 728 2528 ού
750 2475 851 2550 φρονεῖ
873 2465 921 2527 ἐπὶ
940 2468 1018 2528 θεοῦ
1041 2469 1196 2548 θεοπρεπῆ
1231 2465 1382 2548 διάκρισιν
1405 2453 1512 2536 οόσίσς
1627 2437 1628 2502 3

298 2587 353 2645 καί
375 2583 538 2664 ἐνεργείας,
561 2585 641 2658 λέγω
662 2583 697 2644 δέ
719 2592 772 2665 τῆς
794 2592 900 2666 κοινῆς
921 2593 977 2668 της
1001 2579 1092 2659 ἀγίας
1118 2583 1249 2666 τριάδος,
1282 2582 1309 2644 εὶ
1330 2587 1387 2644 καί
1407 2579 1425 2644 ό
1447 2581 1510 2652 υίῦς

298 2706 353 2764 καί
374 2703 408 2763 τῦ
432 2699 520 2778 ἅγιον
541 2709 658 2784 πνεῦμα
679 2701 828 2772 πολλάκις
855 2699 1002 2783 ένεργείαι
1035 2702 1176 2777 λέγονται
1204 2708 1258 2782 τῆς
1284 2703 1435 2782 θεότητος
1457 2708 1510 2762 τοῦ
1627 2753 1628 2760 ,

296 2821 419 2902 πατρὸς,
441 2817 460 2902 ἢ
483 2821 606 2902 κτίστην
628 2818 683 2881 καὶ
709 2865 888 2882 ........
921 2813 1043 2890 δοξάζει
1068 2828 1122 2902 τῆς
1148 2815 1291 2880 ἀκτίστου
1323 2821 1378 2878 καί
1411 2815 1510 2879 ἀιδίου

298 2939 416 3022 φύσεως
438 2939 491 3021 τήν
514 2939 642 3020 φυσικὴν
664 2941 718 3000 καί
740 2931 873 3021 ούσιύδη
897 2935 1049 3020 ἀνέργειαν
1070 2935 1089 3020 ἢ
1114 2937 1180 3000 υἵκτ
1193 2984 1222 3000 ..
1253 2933 1332 3007 ὅλως
1366 2937 1508 2999 σύνθεσίν

297 3076 364 3119 τινα
397 3059 538 3132 γίνεσθαι
571 3054 602 3118 ἐν
635 3066 671 3139 τῇ
695 3051 908 3140 ύπερηνωμένη
930 3059 984 3118 καί
1005 3055 1078 3137 θεία
1100 3053 1246 3139 άπλότητι
1267 3065 1321 3119 τοῦ
1343 3058 1422 3118 θεοῦ
1454 3055 1507 3117 διά
1627 3067 1628 3112 ί

296 3183 401 3249 ταῦτα,
434 3173 453 3257 ἦ
478 3171 525 3236 ὅτι
556 3175 589 3236 τό
612 3175 687 3244 θεός
719 3171 818 3256 ὄνομα
838 3179 893 3236 καί
914 3176 1028 3258 θεότης
1061 3171 1194 3257 ἀκριβῶς
1217 3171 1310 3258 αότὴν
1333 3175 1386 3258 την
1418 3175 1506 3260 φύσιν
1627 3191 1628 3220 ί

294 3291 318 3383 ᾖ
334 3294 403 3356 ’έστι
425 3295 512 3374 δηλοῖ
535 3301 586 3354 τοῦ
609 3295 695 3367 θεοῦ,
718 3297 772 3354 καί
794 3289 863 3376 σόχί
885 3293 1002 3376 μᾶλλον
1036 3291 1067 3366 ἐξ
1089 3292 1241 3377 ἐνεργείας
1268 3291 1301 3358 ἀν
1324 3293 1505 3377 είλημμένον

294 3413 346 3494 την
379 3411 529 3492 θιατικὴν
551 3411 691 3492 δηλονότι
713 3412 819 3472 τούτου
842 3413 1006 3493 ἀνέργειαν,
1037 3409 1058 3494 ἢ
1080 3417 1136 3474 καί
1157 3408 1231 3474 καθ’
1258 3409 1363 3494 ἕτερον
1384 3415 1503 3495 τρόπον,

222 3553 225 3558 ·
296 3535 350 3592 καί
370 3527 390 3613 ἡ
413 3524 504 3591 ούσία
526 3537 578 3590 τοῦ
601 3530 678 3590 θεοῦ
700 3529 823 3604 λέγεται
838 3525 1008 3613 θεότης.ύς
1024 3529 1106 3592 αἰτία
1121 3531 1280 3613 θεότητος,
1302 3533 1357 3592 καί
1378 3527 1425 3591 ὅτι
1446 3525 1506 3611 ούχ

294 3644 505 3728 ύπὲρκειταιύ
528 3649 604 3716 θεὸς
627 3657 684 3718 τῦιν
705 3646 772 3728 περὶ
794 3645 884 3710 αύτύν
907 3643 1062 3718 ούσιωδιῦς
1084 3669 1115 3710 τε
1140 3653 1194 3710 καί
1227 3647 1332 3718 ἀιδίως
1364 3651 1504 3728 θεωρου-
1627 3687 1628 3734 3

294 3773 388 3847 μίνιον
411 3772 464 3830 καί
486 3769 667 3846 λεγομένων,
689 3763 708 3848 ἢ
732 3763 778 3827 ὅτι
801 3771 922 3849 μετέχει
944 3775 997 3848 της
1012 3768 1103 3837 θείας
1118 3764 1225 3837 οόοίας
1240 3763 1344 3840 οὕτως,
1359 3769 1504 3849 καθάπερ

291 3887 345 3944 καί
366 3881 383 3944 ό
406 3883 436 3944 έν
459 3885 499 3967 τῷ
520 3879 639 3966 Χριστῷ
659 3887 870 3967 θεωρούμενος
896 3883 1066 3966 ἄνθρωπος,
1099 3883 1140 3955 ύς
1162 3886 1315 3947 δύνασθαι
1336 3887 1392 3948 καί
1413 3879 1503 3948 αύτῦν

292 4003 434 4082 τολμηρορ
467 4005 589 4086 γλύσση
613 4005 713 4079 λέγειν
735 4009 807 4066 ποτέ
830 4005 884 4066 δύο
908 4003 939 4065 έν
961 4002 1060 4085 έαστηῐ
1080 4007 1181 4086 φόρτιν
1203 3999 1319 4077 οὐσίας,
1352 4007 1503 4088 θεύτητός

293 4141 321 4179 τε.
356 4123 409 4178 καί
435 4117 680 4204 ἀνθρωπότητος,
712 4121 767 4184 καί
789 4118 859 4204 ούχί
883 4123 1000 4204 μᾶλλον
1024 4125 1161 4204 μετέχειν
1183 4131 1237 4205 τῆς
1262 4125 1353 4194 θείας
1386 4125 1504 4208 φύσεως

289 4241 370 4299 κατὰ
392 4241 445 4320 τὴν
469 4240 578 4320 ταύτης
601 4238 752 4322 ἐνέργειαν
774 4247 828 4303 καί
847 4245 885 4304 τῦ
900 4245 1014 4324 φυσικά
1028 4241 1190 4321 ἰδιώματα,
1214 4243 1325 4304 τούτων
1348 4245 1406 4323 γὰρ
1429 4261 1502 4323 μιτ-

288 4360 409 4438 έχοντες
433 4357 594 4438 λεγόμέθα
616 4367 667 4418 τοῦ
690 4361 766 4420 θεοῦ
790 4365 944 4442 μετέχειν,
967 4357 986 4442 ἢ
1010 4355 1056 4420 ὅτι
1077 4355 1097 4440 ἡ
1121 4358 1170 4420 ἐπί
1202 4367 1255 4421 τοῦ
1278 4357 1367 4441 ὄρους
1390 4359 1500 4440 Θαβάρ

287 4485 346 4544 τσίς
380 4483 432 4536 τοῦ
463 4473 594 4555 Χριστοῦ
630 4479 783 4558 μαθηιιιίς
818 4475 960 4559 ἀμυδρῶς
993 4475 1168 4551 ἀγασθείσά
1199 4482 1229 4539 ’τι
1260 4482 1315 4540 καὶ
1350 4477 1499 4560 παροδον·
