3262 5276
312 321 373 384 266

308 535 364 586 τας
387 521 480 576 αὐτοῦ
502 511 696 594 παραλογίος
718 511 773 572 καί
795 509 847 572 διὰ
870 513 905 572 τό
927 511 1013 592 παρὰ
1035 507 1105 579 τοδς
1128 511 1233 579 θείους
1255 506 1310 570 καί
1323 507 1424 591 ίτροός
1439 509 1531 570 κανό-

311 653 365 703 νας
386 632 617 714 πολιτευθῆναι,
641 626 761 704 ἐγένετο
784 629 819 690 δέ
834 631 890 692 καί
905 625 1102 712 ἀποκατέστη
1119 631 1209 712 ψηριρ
1226 627 1373 710 σονοδικη
1388 624 1531 710 οὶκοορι-
1610 637 1611 640 ’

310 750 395 820 νικός
416 751 610 831 πατριάρχης
633 743 785 828 όκριθείς
807 746 851 817 είς
871 755 960 809 τοῦτο
984 746 1068 818 ἄξιος
1090 731 1151 808 καί,
1161 743 1307 828 ἁρμόδιος
1321 745 1375 806 διὰ
1391 746 1446 828 τὴν
1462 742 1533 826 ἀρε·

311 867 365 950 την
386 865 442 928 καὶ
463 869 545 929 κατὰ
568 867 644 927 θεὸν
666 865 822 926 πολιτείαν
838 859 941 940 αὐτοῦ,
960 863 1172 948 ἀνετράπησαν
1189 868 1243 946 μὲν
1258 869 1313 926 καί
1327 861 1411 926 ἄλλα
1424 863 1534 936 πολλὰ,

311 981 371 1046 ὅσα
392 991 519 1046 τοιαῦτα
543 982 709 1065 εἰργάσατο
732 978 822 1054 οὗτος
843 983 882 1066 δὴ
906 981 923 1046 ό
946 987 1141 1066 χρηματίσας
1162 983 1355 1065 πατριάρχης
1369 978 1535 1044 Κωνσταν-

310 1102 511 1172 τινοοπόλεως
534 1100 591 1173 ἔξω
614 1110 672 1162 τῶν
695 1103 789 1163 θείων
811 1099 866 1162 καὶ
888 1099 976 1182 ἱερῶν
998 1103 1145 1176 κανόνων,
1169 1099 1294 1184 ἐτάχθη
1316 1099 1351 1162 δέ
1373 1101 1430 1162 καί
1447 1093 1536 1166 αὖθις

307 1217 423 1302 ὁρισμῷ
449 1227 503 1302 τῆς
530 1219 688 1299 βασιλείας
715 1239 774 1301 μοι
802 1217 857 1280 καὶ
884 1220 1030 1302 σονοδικη
1057 1219 1235 1296 διαγνώσει,
1269 1213 1458 1280 ὑποκεῖσθαι
1483 1219 1537 1277 καί
1612 1187 1613 1252 ό

311 1331 404 1406 αὖθις
431 1339 486 1406 τοῖς
513 1331 626 1399 αὐτόθι
655 1335 829 1413 ἁγιωτάτας
857 1337 1038 1410 ἐπισκοπεῖς,
1067 1339 1121 1420 τήν
1148 1358 1180 1398 τε
1202 1335 1373 1407 Γάλλιτξαν
1400 1338 1458 1397 καί
1484 1335 1537 1404 τὰς

308 1437 427 1528 λοιπὰς,
452 1452 508 1516 όπό
531 1456 584 1539 την
608 1452 780 1540 αἰτιωτάτην
804 1455 989 1540 μητρόπολιν
1007 1455 1159 1536 Κογέβοο,
1183 1453 1225 1528 ὣς
1247 1457 1301 1518 καί
1323 1457 1358 1517 τό
1379 1458 1536 1538 πρότερον,
1613 1472 1614 1552 η

310 1569 402 1643 αὐτὸς
429 1576 464 1635 δὲ
492 1571 509 1638 ό
537 1572 698 1658 ἀρχιερεὺς
726 1575 899 1660 Γαλλίτξης
930 1577 1117 1656 καταλαβεῖν
1144 1575 1282 1639 ἐνταῦθα
1306 1578 1362 1638 καί
1388 1577 1539 1652 γενέσθαι

308 1691 352 1762 τίς
380 1689 471 1755 αὐτόν
498 1698 577 1776 μετὰ
604 1693 787 1770 ἐξετάσεως,
818 1691 891 1757 ὅσον
923 1693 960 1757 ἂν
993 1705 1074 1780 φανῇ
1102 1692 1248 1778 ἁρμόδιον
1276 1696 1331 1756 καὶ
1360 1697 1537 1756 κανονικόν.

308 1813 360 1875 διό
382 1821 471 1904 τοῦτο
493 1813 652 1897 δηλοποιεῖ
672 1817 747 1897 πρός
770 1835 805 1876 σε
827 1817 866 1898 τότ
887 1818 955 1898 περί
975 1815 1082 1877 τοότοο
1097 1811 1116 1896 ἡ
1134 1815 1275 1896 βασιλεία
1298 1835 1366 1896 μου,
1388 1809 1442 1876 ἵνα
1465 1833 1538 1876 σον·
1614 1858 1615 1908 η

306 1931 427 2015 δράρης
455 1936 510 1993 καί
539 1931 734 2016 έπιμεληθης
765 1931 809 2003 τίς
835 1934 889 2016 την
912 1930 1091 2016 ’ἀπεκβολην
1118 1939 1172 1994 ποῖ
1205 1933 1343 1994 τοιοότοο
1370 1932 1539 2018 ἀρχιερέας

307 2057 361 2110 τοῦ
386 2048 411 2112 Γ
413 2049 573 2133 αλλίτξης,
606 2047 684 2112 ὥστε
710 2051 899 2132 καταλαβεῖν
928 2048 1020 2113 αὐτόν
1048 2049 1200 2125 ἐνταῦθα,
1232 2053 1284 2112 τόν
1309 2051 1344 2110 δὲ
1372 2049 1539 2134 ἱερώτατον

308 2167 534 2252 μητροπολίπην
550 2167 702 2250 Κογέβοω,
726 2165 887 2252 όπέρτιμον
902 2173 957 2231 καί
973 2167 1104 2252 ἔξαρχον
1118 2170 1222 2251 πάσης
1236 2165 1378 2244 Ῥωσίας,
1401 2169 1537 2253 δέξησθε
1615 2244 1616 2270 χ

307 2283 444 2348 ἀπὸτοῦ
468 2295 518 2348 νῦν
542 2283 584 2358 ὡς
607 2289 732 2372 γνήσιον
754 2291 808 2350 καί
832 2287 959 2372 ἔννομον
983 2287 1216 2371 μητροπολίτην,
1239 2295 1335 2347 ποιεῖν
1357 2286 1402 2356 εὶς
1425 2289 1539 2359 ταότας
1615 2271 1616 2276 ¹

306 2403 345 2487 δή
369 2407 423 2474 τὰς
446 2403 618 2482 ἁγιωτάτας
642 2408 812 2477 έπισκοπὰς
834 2411 888 2469 καί
911 2405 960 2478 είς,
977 2407 1047 2477 τούς
1069 2404 1138 2468 κατ’
1162 2403 1256 2476 αὐτοῖς
1272 2407 1537 2491 θεοφιλεστάτους

308 2521 502 2601 έπισκόποος,
527 2521 599 2587 ὅσον
623 2525 667 2588 ένι
689 2531 744 2589 καί
766 2529 944 2602 κανονικὸν,
969 2525 1027 2589 καὶ
1048 2528 1158 2596 καθὼς
1181 2523 1277 2588 ἐποίει
1303 2529 1358 2588 καί
1378 2529 1535 2610 πρότερον.

306 2640 371 2704 ἐπεί
394 2639 446 2705 οὖν
469 2639 552 2725 όμεῖς
575 2644 627 2706 διὰ
650 2647 700 2707 τόν
723 2648 965 2728 χριστιανισμόν,
989 2645 1023 2707 δν
1046 2644 1145 2728 έχετε,
1168 2649 1222 2706 καί
1245 2645 1298 2728 την
1321 2643 1365 2716 είς
1379 2648 1459 2708 θεόν
1483 2643 1535 2709 τό·
1616 2630 1617 2702 3

306 2759 442 2838 αέβειαν,
467 2755 650 2840 εὑρίσκεσθε
684 2760 739 2824 καὶ
770 2761 812 2832 είς
844 2763 897 2845 τήν
924 2759 1015 2840 ἁγίαν
1043 2770 1096 2824 τοῦ
1122 2763 1200 2826 θεοῦ
1227 2759 1399 2844 ἐκκλησίαν
1431 2749 1535 2826 εόπιι·

308 2880 376 2966 θεῖς
399 2877 455 2940 καὶ
477 2875 686 2957 όποτακτικοὶ,
709 2885 763 2944 καὶ
778 2881 831 2943 διὰ
846 2889 935 2943 τοῦτο
951 2880 1121 2963 ἐστὲρξατε,
1144 2889 1233 2943 τοῦτο
1246 2879 1374 2956 ἰδόντες,
1397 2885 1438 2943 τὰ
1459 2886 1536 2964 πρό·

308 3015 395 3078 τερον
423 2999 574 3075 γεγονότα
601 2995 847 3083 ἐκκλησιαστικὰ
879 3003 1046 3082 γράμματα
1074 3004 1112 3062 τὰ
1141 3000 1365 3084 δηλοποιοόντα
1392 2996 1526 3083 εόρίσκε·

307 3117 384 3178 σθαι
406 3118 457 3178 τόν
480 3113 627 3200 ἀρχιερέα
642 3116 814 3202 Γαλλίτξης
834 3119 1066 3203 μητροπολίτην,
1089 3127 1140 3181 νιῖν
1154 3119 1222 3181 ίδοδ
1237 3120 1329 3182 πάλιν
1344 3119 1534 3204 δηλοποιοό-

308 3253 366 3316 σης
388 3231 482 3317 αὐτῆς
503 3244 558 3319 τῆς
580 3242 633 3298 τοῦ
658 3238 736 3298 θεοῦ
764 3236 855 3314 ἁγίας
882 3236 1067 3322 ἐκκλησίας,
1095 3239 1306 3322 διοριζομένης
1333 3239 1369 3300 δὲ
1397 3243 1454 3302 καί
1479 3251 1535 3324 τῆς

308 3351 468 3431 βασιλείας
485 3373 552 3435 μου,
576 3349 779 3436 εὑρίσκεσθαι
793 3361 847 3418 καί
864 3353 956 3426 αὖθις
978 3358 1011 3418 τό
1033 3367 1171 3441 πρᾶγμα,
1194 3354 1236 3428 ὣς
1256 3360 1311 3420 καί
1325 3359 1360 3420 τό
1375 3361 1534 3442 πρότερον,

306 3469 441 3541 δέξασθε
463 3479 552 3533 τοῦτο
575 3477 630 3536 καί
657 3469 741 3557 ὑμεῖς
770 3471 922 3556 ἀσμένως,
949 3475 1060 3545 καθολς
1088 3475 1132 3537 ἔνι
1158 3476 1228 3537 δέον
1254 3477 1308 3536 καί
1335 3473 1536 3562 ὀφειλόμενον

306 3589 360 3649 καί
381 3587 425 3658 είς
447 3591 580 3674 ψυχικὴν
603 3588 684 3674 ὑμῶν
712 3589 863 3676 ὠφέλειαν
891 3589 1024 3676 ἀφορῶν.
1052 3594 1105 3655 διὰ
1131 3601 1221 3656 τοῦτο
1248 3594 1303 3656 καί
1329 3590 1367 3663 ἂς
1395 3599 1534 3678 γένηται,

306 3707 416 3778 καθιθς
437 3708 594 3792 δηλοποιεί
613 3713 689 3792 πρὸς
712 3707 791 3794 ὑμᾶς
812 3707 832 3795 ἡ
856 3713 1000 3790 βασιλεία
1023 3733 1081 3795 μοι)
1103 3717 1133 3791 †.

391 3831 410 3902 †
440 3825 546 3912 Εἶχε
578 3833 654 3892 καί
685 3828 734 3892 δι’
767 3831 968 3914 ὲροθροῖν
1002 3835 1272 3916 γραμμάτων
1303 3841 1377 3914 της
1406 3833 1530 3913 βασι-

305 3943 437 4026 λικῆς
466 3949 598 4018 θείας
625 3951 782 4030 χειρός
810 3953 868 4012 τό·
897 3955 997 4031 μηνί
1027 3952 1310 4034 σεπτεμβρίιρ
1336 3949 1414 4016 ὶνδ.
1445 3952 1474 4015 α’
1499 3957 1529 4028 †.
