3258 5282
1264 337 1326 398 357

91 517 184 588 λάκις
206 523 262 580 καί
284 520 438 604 διαφόρως
461 522 742 602 σογκροτηδεντος,
772 522 983 600 συμπαρόντος
1005 523 1059 580 καί
1084 529 1135 580 τού
1160 519 1326 582 ἀντικαθι-

93 642 249 718 σταμόνου
272 633 376 708 αύτοίς
398 639 537 700 τοιούτου
547 636 710 710 Ἄλανίας,
736 637 799 698 ἐπεί
815 635 981 721 διάρρήδην
998 637 1195 722 ἀνεφάνησαν
1217 639 1245 700 οἱ
1259 661 1326 701 τοι·

92 764 180 816 ούτσι
202 758 401 838 πρεσβύτεροι
425 760 503 839 μετὰ
525 757 642 840 πολλήν
670 761 723 818 καί
753 755 867 839 ἀκριβή
895 759 947 839 τήν
979 757 1115 828 ίξὲτσισιν
1143 757 1238 819 ἄδικα
1265 757 1327 819 πά-

93 877 227 956 σχόντες
252 873 322 957 παρ’.
350 872 443 938 αύτού
475 880 531 938 καί
562 887 620 937 τών
647 875 732 938 ίδίων
761 874 1028 958 ἀποστερούμενοι,
1061 873 1121 958 ούχ
1147 871 1327 958 ὑγιαινούσῃ

97 997 225 1077 γνώμη,
249 997 393 1079 ψήφισμα
416 995 578 1056 συνοδικύν
601 992 764 1077 ἐξήνεγκαν
788 996 875 1055 τοῦδε
904 1005 956 1056 τού
983 991 1155 1070 ἁγιωτάτου
1177 1000 1327 1077 πατριάρ-

94 1128 156 1195 χορ
179 1121 237 1194 κύρ
253 1113 416 1195 Ἰστδώροο,
440 1115 582 1176 δικαιοῦν
606 1109 727 1188 αύτούς,
750 1111 828 1176 ὥστε
852 1113 1028 1186 ἀπολαύειν,
1051 1112 1092 1184 ιδς
1116 1117 1149 1176 τύ
1172 1119 1327 1196 πρότερον,

94 1231 132 1294 δκ
155 1240 211 1294 τού
235 1229 285 1294 ἀπ’
308 1229 452 1294 ἔντεύδεν
474 1241 534 1294 τών
556 1233 762 1316 διαφερόντων
786 1228 889 1301 αὐτοῖς
914 1231 1033 1294 ἄνωθεν
1049 1221 1192 1294 τύιούτων
1210 1231 1327 1316 ἐκκλη-

95 1359 266 1412 σιαστικιῑιν
294 1349 422 1412 δικαίων
449 1354 532 1423 κατά
558 1351 612 1433 τήν
641 1348 892 1434 ἐπικρατήσασαν
919 1355 1001 1413 κατὰ
1027 1355 1078 1413 τόν
1111 1349 1211 1413 ἐκεῖσε
1238 1355 1330 1413 τύπον

95 1470 183 1541 τάξιν
215 1490 248 1530 τε
280 1473 334 1530 καί
365 1471 547 1552 συνήθειαν·
585 1467 652 1531 ἀλλ’
686 1467 703 1531 ό
732 1470 887 1553 δηλωδείς
914 1467 1075 1543 Ἀλανίας,
1109 1475 1212 1532 καίτοι
1240 1471 1332 1542 δόξας

94 1589 271 1650 πείσασδαι
298 1589 394 1671 δήδεν
422 1583 538 1662 αύτοῖς,
574 1587 790 1672 ἀποσχόμενος
817 1599 870 1671 τής
899 1589 1053 1672 ὲριστικής
1086 1593 1209 1671 γνώμης
1238 1584 1330 1650 αύτού

94 1705 153 1768 καὶ
185 1707 417 1790 πλεονεκτικής,
441 1711 495 1767 καί
529 1710 676 1787 στόργων,
711 1705 1028 1788 ώς,καδυπεκρίνετο
1062 1709 1114 1768 σύν
1150 1710 1269 1789 καιρόν,
1293 1719 1330 1790 τῇ

94 1827 246 1908 συνοδική
268 1827 364 1908 ταύτη
388 1824 532 1910 ἐγγράφῳ
556 1827 720 1900 διαγνώσει
742 1831 797 1886 καί
820 1824 985 1908 ἀποφάσει,
1009 1823 1051 1896 ὡς
1074 1829 1167 1908 μόνον
1191 1826 1330 1910 ἔφθασεν

95 1941 307 2027 ἀποδημήσας
330 1941 390 2006 ἀπό
406 1954 466 2006 τών
483 1942 630 2017 ἐνταῦθα,
648 1949 742 2026 μικρὰ
759 1951 923 2028 φροντίσας
945 1955 1003 2006 τών
1028 1943 1241 2030 ἐψηφισμένων
1257 1967 1330 2007 συν-

95 2063 221 2138 οδικώς,
245 2059 402 2146 ἁθετητής
424 2065 536 2125 τούτων
553 2061 688 2139 ἐγένετο·
714 2059 826 2160 σηύτίκα
842 2067 949 2137 τοίνυν,
966 2060 1067 2146 ὥσπερ
1090 2063 1330 2146 ἐπιλελησμένος

96 2191 153 2244 τού
175 2179 245 2244 κατ’
269 2179 360 2243 αύτόν
384 2185 559 2264 σχήματος,
584 2183 759 2253 ἐπαναστάς
784 2185 838 2244 καί
866 2185 1154 2267 Ιειτανιιισχυντήσας
1180 2185 1256 2262 πρός
1279 2186 1330 2242 τόν

96 2301 203 2384 Χάνην
227 2300 329 2384 ἀπήει,
353 2299 523 2384 ἀμυντικώς
546 2281 740 2383 διακείμενος
762 2305 845 2363 κατὰ
868 2313 926 2362 τών
950 2300 1068 2382 ἱερέων,
1092 2299 1135 2371 ὣς
1158 2298 1193 2362 ού
1217 2303 1327 2382 χρεών,

95 2419 194 2482 ἄδικα
204 2423 387 2503 πασχόντων
404 2419 451 2482 ἐπὶ
465 2418 620 2504 ἀνατροπῇ,Ι
636 2425 690 2482 καί
704 2421 874 2482 καταλύσει
886 2429 940 2504 τής
952 2420 1114 2502 σονοδικής
1131 2421 1242 2502 ταύτης
1257 2419 1328 2480 δια-

94 2541 239 2614 γνώσεως
262 2561 294 2602 τε
316 2544 371 2600 καί
393 2539 588 2623 ἀποφάσεως,
612 2535 662 2601 ὅτε
686 2540 724 2622 δή
747 2544 801 2600 καὶ
824 2543 857 2600 τύ
874 2541 1041 2622 λεγόμενον
1057 2539 1228 2626 διαλείχιον
1244 2537 1327 2599 ἐκεῖ·

93 2661 155 2720 θεν
178 2658 291 2739 λαβών,
315 2655 369 2719 ἅτε
392 2659 429 2741 δή
454 2671 491 2741 τή
515 2657 668 2742 ἐκκλησία
685 2659 726 2739 μή
743 2654 928 2720 ἀποκεῖσθαι
945 2659 1141 2740 βουλόμενος,
1164 2651 1222 2718 οὐκ
1237 2653 1326 2730 δλίγα

93 2777 275 2839 ίπικίνδυνα
297 2781 351 2838 καί
370 2779 532 2838 κακωτικὰ
555 2779 607 2837 καί
625 2775 771 2858 ἐπιζήμια
788 2789 848 2846 τούς
874 2779 1021 2845 τοιούτοις
1044 2775 1172 2858 ἱερεῦσιν
1196 2773 1326 2856 ἐπήνεγ-

94 2916 170 2968 κεν,
198 2893 239 2965 ύις
266 2897 307 2977 μή
332 2893 463 2980 ὤφελεν·
495 2895 603 2980 ἔφερον
627 2900 681 2977 μὲν
706 2892 757 2956 σύν
780 2891 881 2966 οὗτοι,
904 2901 1007 2958 καίτοι
1033 2899 1072 2956 τά
1099 2895 1260 2956 δεινότατα
1284 2888 1332 2954 ὑπ’

95 3011 197 3076 αὐτοῦ
223 3017 412 3096 πάσχοντες,
440 3015 706 3096 παρακαλοῦντες,
734 3016 885 3097 δεόμενοι,
911 3019 965 3075 καί
992 3017 1044 3096 τήν
1078 3013 1125 3075 ἐπὶ
1153 3016 1186 3072 τό
1215 3014 1333 3092 βέλτιον

95 3131 196 3195 αὐτού
222 3133 453 3214 προσδοκῶντες
487 3135 675 3216 μεταβολήν·
710 3131 773 3195 ἐπεί
800 3135 834 3195 δὲ
863 3133 943 3194 εἶδον
970 3135 1061 3195 αυτόν
1089 3133 1250 3212 προδήλως
1278 3135 1333 3210 μὲν

75 3255 157 3313 ·καί
179 3254 233 3321 τὰς
256 3251 419 3330 συνοδικάς
442 3254 561 3334 ψήφους
577 3257 630 3312 καί
646 3250 818 3336 ἀποφάσεις
835 3260 1073 3334 περιφρονούντα
1088 3255 1141 3310 καί
1159 3247 1333 3310 ἀδετούντα

93 3373 156 3432 καί
176 3368 248 3452 παρ’
269 3365 358 3431 οὐδὲν
381 3371 493 3440 ταύτας
516 3371 707 3452 ποιούμενον,
732 3367 767 3430 ού
791 3371 848 3452 μήν
873 3371 911 3452 δή
936 3368 1016 3431 ἀλλὰ
1040 3371 1092 3430 καί
1118 3366 1164 3429 ἐπί
1187 3376 1332 3429 τοσούτσν

95 3497 155 3552 τσό
181 3491 381 3570 καθήκοντος
409 3485 648 3571 ἐκτραπόμενον,
681 3485 722 3557 ύις
751 3492 804 3549 καί
832 3489 901 3557 τούς
930 3485 1030 3549 ἐκεῑσι
1062 3491 1251 3554 πανσετιους
1280 3491 1332 3544 κατ’

96 3611 208 3678 δείους
229 3607 322 3677 ναούς
345 3607 541 3668 κατακλείειν
565 3607 619 3667 σύν
642 3601 775 3688 ούδεμιφ
798 3629 854 3669 τινι
877 3603 995 3688 εὐλόγῳ
1019 3610 1170 3688 προφάσει
1194 3608 1246 3665 καί
1264 3605 1331 3671 τούς

96 3727 190 3808 ἱερεῖς
211 3731 264 3786 τσύ
288 3723 450 3806 ἱερουργεῖν
474 3723 590 3795 ἀδίκως
615 3723 733 3807 ἐπέχειν
768 3730 849 3787 κατὰ
873 3731 931 3806 γὰρ
955 3729 1004 3786 τόν
1021 3727 1128 3806 καιρόν
1146 3721 1260 3814 ἐκεῖνον
1277 3723 1332 3782 δύο

95 3843 298 3928 χριστιανούς
321 3839 502 3926 ἀνθρώπους
524 3845 719 3925 τεθνηκότας
742 3845 793 3908 διὰ
817 3844 1070 3926 τήνπαριὶλογον
1095 3837 1187 3903 αύτυύ
1205 3851 1261 3901 των
1286 3839 1330 3900 ἱε-

96 3967 177 4047 ράων
200 3959 367 4044 ἐπίσχεσιν.
380 3957 416 4023 ού
439 3961 492 4024 σύν
516 3963 590 4044 δίκη
614 3963 818 4044 ἐπαχθεῖσαν.
832 3963 1061 4043 παρεσκεύασεν
1086 3959 1240 4041 ἀφάλτους
1260 3957 1359 4018 ἐναν-

96 4089 242 4162 πομτῖναι
263 4082 316 4141 καί
339 4082 381 4162 μή
405 4091 463 4142 τῶν
485 4085 708 4162 νενομισμένων
732 4078 892 4162 ἐπιτυχεῖν,
916 4075 951 4139 ού
976 4081 1035 4162 μήν
1050 4079 1090 4160 δή
1107 4075 1188 4139 ἀλλὰ
1205 4081 1259 4137 καί
1275 4077 1330 4138 δύο

98 4203 167 4264 τινὰ
191 4199 288 4282 βρόφη
310 4195 346 4258 ἑκ
368 4201 524 4279 προγόνων
547 4195 659 4279 εὐσεβή
683 4199 735 4280 τήν
759 4207 812 4260 τοῦ
836 4195 941 4272 γένους
966 4201 1070 4278 σειρὰν
1092 4184 1225 4258 ἕλκοντα
1253 4215 1330 4273 παρ-

99 4325 197 4388 αίτιος
226 4313 362 4394 ἐγένετο.
394 4313 436 4386 ὡς
467 4313 503 4378 ού
536 4319 644 4397 θέμις,
679 4317 889 4396 βαπτισδήναι
916 4315 958 4384 εὶς
986 4317 1038 4395 τήν
1072 4312 1241 4396 Ιεκκλησίσιν
1277 4325 1332 4374 των

97 4439 276 4520 Ἀρμενίων.
305 4437 414 4517 μηκέτι
438 4434 624 4509 ἐνεγκόντες.
649 4434 810 4517 ἐγγράφως
834 4431 1018 4518 ἀναφέρωσι
1047 4437 1100 4493 καί
1127 4433 1271 4528 πρότερην
1295 4433 1333 4491 τά

100 4560 165 4638 περὶ
192 4557 300 4617 τούτου
329 4553 495 4621 συνοδικώς
528 4550 574 4613 ὲπί
604 4559 656 4614 τοὺ
683 4557 933 4635 χρηματίσαντος
963 4571 1018 4633 κυρ
1047 4551 1220 4614 Φιλοδύσυ.
1241 4551 1333 4643 Ιμετά
