3282 5270
1251 269 1312 334 ³89

93 459 164 522 λίοο
179 451 283 534 αὑτυύ,
299 454 388 522 ἅτινα
401 461 455 520 καὶ
469 457 562 529 πολύς
578 453 615 540 ἡν
631 455 794 540 ἀνερευνύν
810 457 865 517 καί
879 459 986 538 ζητύν,
1001 458 1055 536 καί
1070 459 1311 540 καταιταύμενύς

92 597 184 640 τινων
200 575 260 642 ἀτύ
274 587 333 640 τῶν
349 586 500 659 μοναχύν,
516 573 557 647 ύνς
573 568 701 658 ὑποψίαν
718 573 798 658 ἔχων
810 572 841 636 ἐν
854 571 965 646 αὑτοῖς·
981 571 1012 636 ἐν
1027 574 1086 656 μιά
1098 571 1150 637 οὑν
1162 585 1219 638 τῶν
1231 573 1310 660 ἡμε-

91 708 155 778 ρῶν
172 695 299 781 εἰσῆλθε
315 693 357 767 εἰς
379 697 413 758 τό
436 694 636 777 μοναστήριυν
651 699 727 776 γόης
749 715 803 769 τις,
818 696 872 754 καί
887 691 976 768 εἶπεν,
992 691 1145 756 δύνασθαι
1160 687 1256 775 εὑρεῖν
1272 697 1311 758 τὰ

91 813 260 898 ὑπόρπυρα,
276 811 367 878 εὶπείν
377 813 518 897 δηλονότι
528 815 580 876 τόν
591 814 777 896 κεκλοφότα,
793 811 874 894 εἴπερ
890 810 919 874 οἱ
933 807 1168 896 ὑποπτευόμενοι
1179 809 1310 884 ἅπαντες

91 933 245 996 δώσουσιν
261 931 390 1016 ἰνόχυρα
404 941 469 1002 ταῖς
484 929 590 1014 χερσίν
606 925 708 994 αὐτού.
729 927 746 992 ό
762 926 814 992 οὑν
830 927 986 1000 ἀπολύσας
1001 933 1039 992 τά
1054 925 1206 1012 ὑπέραορα
1221 937 1310 992 τούτο

91 1053 243 1126 ἀνιούσας,
266 1055 423 1134 ααρεκίνει
444 1051 567 1121 τούτους
589 1047 856 1132 ἰνὲχυραδούναι,
878 1045 966 1111 ύτινα
979 1052 1033 1112 καί
1048 1049 1180 1123 ἔδωκαν,
1202 1049 1254 1112 διὰ
1275 1051 1310 1111 τό

92 1174 137 1255 μη
161 1168 388 1236 ὑποπτεύεσθαι
409 1167 459 1232 λαὶ
478 1171 572 1231 πλίυν
594 1168 642 1232 ἐπί
663 1177 701 1252 τη
723 1177 783 1230 τῶν
802 1163 974 1251 ύπερπύρων
997 1169 1108 1254 κλοπη.
1141 1167 1158 1233 ὑ
1181 1172 1235 1251 μίν
1257 1165 1311 1232 υύν

90 1296 169 1374 γύης
190 1291 274 1372 παρά
295 1299 352 1350 τῶν
374 1289 468 1372 φίλων
490 1289 653 1371 δαιμονίων
675 1291 730 1350 καί
751 1287 940 1371 ριλοψεοδιῑιν
962 1284 1051 1351 οὐδὲν
1074 1287 1205 1370 ἔμαθεν,
1239 1284 1308 1350 ἀλλ’

87 1406 190 1480 οὑτως
212 1405 368 1472 ἀπόλοντο
390 1411 428 1469 τά
450 1403 614 1488 ύπίρτυρα,
637 1404 707 1489 μηδ’
730 1403 849 1469 ἐκείνου
870 1407 1063 1488 περὶτούτων
1078 1407 1214 1478 εἰπόντος
1237 1401 1309 1490 τιὴ

89 1531 126 1592 δὲ
149 1532 225 1592 θεία
247 1527 373 1596 σύνοδος
398 1531 466 1608 περὶ
488 1537 545 1588 τῶν
567 1527 679 1589 δόντων
702 1531 740 1589 τά
762 1525 892 1610 ἐνέχυρα
914 1525 1006 1603 εἶπεν,
1033 1526 1310 1610 ἔπιβεβααύσαντος

87 1657 181 1712 τούτο
202 1649 256 1710 καί
277 1655 329 1710 τού
353 1644 523 1722 αἰτιωτάτου
545 1645 600 1709 καὶ
622 1644 833 1729 οἰκουμενικού
848 1651 1049 1730 πατριάρχου,
1072 1658 1133 1718 τοῖς
1149 1652 1203 1730 μίν
1218 1645 1305 1708 ἰδιύ-

88 1791 155 1840 ταις
180 1765 283 1850 ἕτερον
306 1766 439 1848 δοθῆναι
470 1767 596 1841 κανόνα,
629 1769 680 1829 τύν
702 1767 737 1828 δὲ
761 1768 897 1850 μοναχὸν
919 1764 1046 1830 Ἡσαΐαν
1068 1771 1122 1829 καί
1148 1768 1200 1830 τόν
1220 1764 1305 1848 Μερ-

88 1889 214 1969 κούριον
246 1887 300 1947 καί
332 1883 378 1946 ἔτι
409 1885 460 1946 τόν
482 1881 638 1966 Ἱλαρίωνα
663 1883 849 1970 ἀπεφήνατο,
882 1887 1035 1968 μηδέποτε
1056 1887 1308 1968 προβιβασθῆναι

90 2005 135 2076 είς
157 2006 193 2066 τύ
216 2012 270 2088 της
292 2001 453 2084 ἱερωσύνης
476 1999 602 2084 ἀξίωμα,
630 2001 697 2066 ἀλλ’
720 2001 869 2066 ἀπολέσαι
891 2007 945 2065 καί
960 2004 1012 2086 την
1035 2011 1087 2065 τού
1110 2000 1306 2080 ἀναγνώστου

89 2125 189 2206 τιμήν.
224 2119 290 2204 εἶχε
313 2123 367 2202 μὲν
390 2115 442 2182 οὑν
464 2114 542 2182 οὑτω
563 2128 668 2184 ταῦτα.
702 2116 826 2204 ὑστερον
848 2121 882 2182 δὲ
908 2130 961 2184 τού
984 2121 1206 2205 μητροπολίτου
1228 2119 1304 2202 Χρι-

91 2239 332 2308 στιανοοπόλεως
364 2237 407 2308 εἰς
439 2239 493 2320 την
526 2236 635 2300 ἑαυτού
659 2237 827 2321 ἐκκλησίαν
861 2239 1073 2324 ἀπερχομένου
1104 2235 1304 2323 ἠκολούθησε

89 2361 186 2441 τούτιρ
207 2362 262 2420 καί
285 2355 301 2420 ὑ
323 2358 481 2440 δηλωθείς-
495 2355 632 2433 Ἡσαΐας,
656 2357 689 2419 δν
711 2362 765 2420 καί
781 2356 995 2444 ἐχειροτόνησε
1012 2359 1164 2420 διάκονον·
1188 2354 1306 2428 υύτινος

89 2473 236 2546 ἐλθόντος
259 2473 408 2550 ἐνταῦθα,
442 2483 530 2538 τούτο
560 2477 669 2558 μαθιὺν
692 2473 708 2539 ὑ
730 2481 960 2554 παναγιιότατος
976 2477 1136 2560 δεσπότης,
1158 2473 1175 2539 ἀ
1198 2474 1304 2538 οἰκου-

88 2599 214 2678 μενικύς
235 2597 434 2677 πατριάρχης,
468 2603 624 2657 κοινοῦται
656 2605 744 2657 τούτο
767 2596 827 2667 τοῖς
849 2601 915 2679 περί
938 2590 1029 2658 αὑτόν
1052 2592 1224 2678 ἱερωτάτοις
1246 2591 1304 2676 ἀρ-

88 2723 236 2799 χιερεῦσι,
260 2713 301 2797 τῷ
317 2697 521 2796 Καισαρείας,
544 2714 585 2798 τῷ
605 2703 743 2800 ’Equum
765 2715 807 2798 τῷ
820 2713 1013 2799 Ἡρακλείας,
1036 2714 1077 2797 τῷ
1095 2713 1241 2790 Κυζίκου,
1263 2711 1308 2796 τηὺ

87 2832 233 2908 Νικαίας,
257 2831 297 2917 τῷ
318 2831 527 2917 Χαλκηδόνος,
551 2833 592 2918 τῷ
605 2832 891 2918 Ἀδριανυυπόλεως,
908 2833 948 2918 τῷ
966 2833 1243 2918 Ποντυηρακλείας,
1266 2832 1308 2916 τῷ

86 2951 241 3036 Μιλήτου,
268 2953 309 3034 τῷ
328 2933 479 3033 Βρύσεως,
507 2951 548 3034 τῷ
568 2951 750 3037 Σηλυβρίας,
784 2955 825 3036 τηῖ
849 2951 1079 3038 ἀρχιεπισκόπιρ
1101 2953 1217 3040 Δύρκω,
1250 2955 1305 3014 καί

87 3071 296 3156 ἐρωτηθέντες
316 3067 447 3141 ἕκαστος
468 3068 535 3152 περὶ
557 3075 676 3147 τούτου,
711 3052 903 3158 ἀπεφήναντο
935 3076 1046 3143 πάντες
1069 3063 1110 3146 ὡς
1133 3069 1168 3134 λκ
1200 3075 1306 3155 κοινῆς

87 3187 212 3270 γνάμης
244 3191 298 3250 καί
330 3190 442 3272 ψήφου,
475 3189 696 3272 καθηρημύνον
729 3187 805 3254 εἶναι
827 3192 877 3253 τόν
900 3199 1036 3254 τοιούτυν
1058 3187 1196 3266 Ἡσαΐαν,
1229 3184 1307 3252 ὅστε

89 3305 233 3391 μηδύλως
257 3303 435 3390 ἀναχθῆναι
457 3302 547 3370 αὑτόν
570 3305 614 3379 εἰς
637 3305 822 3392 ἱερωσύνην,
836 3307 881 3381 ύς
902 3312 992 3392 παρά
1007 3312 1129 3394 γνύμην
1150 3312 1205 3372 καί
1228 3305 1307 3370 ἀπό·

89 3445 182 3512 φασιν
205 3435 258 3510 της
280 3429 370 3498 θείας
385 3431 446 3488 καί
469 3424 551 3510 ἱεράς
574 3429 702 3514 συνόδου
735 3431 1005 3514 χειροτονηθίντα·
1037 3431 1106 3510 περί
1129 3431 1231 3512 μίντοι
1253 3433 1308 3488 τού

89 3543 391 3627 Χριστιανοοπόλεως
415 3541 547 3630 ύτάχθη,
569 3545 620 3610 ἵνα
643 3551 767 3633 μηνυθη
782 3552 836 3611 καί
852 3547 934 3631 ἔλθη
950 3547 1095 3624 ἐνταῦθα,
1118 3549 1172 3610 καί
1187 3547 1265 3619 τότε,
1281 3543 1311 3607 εἴ

90 3685 117 3724 τι
139 3663 223 3734 δόξει
243 3669 281 3746 τῇ
304 3663 420 3746 σονόδιρ
441 3668 509 3748 περί
541 3663 668 3740 ἐκείνου,
692 3665 768 3728 εἶναι
791 3670 894 3750 μέντοι
916 3665 1029 3730 ἐκεῖνον
1053 3664 1156 3749 ἀργόν,
1188 3661 1246 3732 ἕως
1269 3658 1306 3724 ἂν

92 3779 228 3844 ἐνταῦθα
249 3785 468 3865 τταρτίγύνηται.Ι
489 3784 541 3847 διὰ
563 3792 658 3847 ταῦτα
682 3781 833 3870 ἀνεγράφη
856 3789 894 3848 τὰ
916 3795 970 3870 της
990 3787 1131 3868 τοιαύτης
1153 3784 1308 3864 καθαιρύ·

93 3921 170 3970 σεως
203 3899 245 3987 τηὺ
273 3903 399 3984 παρόντι
424 3904 570 3986 κωδικίιρ,
600 3901 678 3965 ὥστε
701 3906 853 3988 μηδίποτε
886 3902 982 3989 εὑρεῖν
1015 3901 1106 3968 αὑτόν
1140 3901 1308 3984 ἀνάκλησιν

94 4017 136 4091 είς
158 4019 213 4102 τήν
235 4016 400 4104 ἱερωσύνην
421 4024 450 4098 †.

177 4135 341 4222 ’γΜηνί
374 4137 485 4222 μαΐιρ
518 4140 594 4204 ἰνδ.
629 4140 654 4203 δ’
686 4145 715 4219 †.
