3282 5270
1278 325 1340 388 493

116 517 180 588 δος
212 517 317 599 κῦριος
349 513 397 599 τίη
429 513 639 599 διαφυλάττων
672 511 725 596 τήν
756 509 926 596 ἁγιωσύνην
961 531 1016 574 σου
1042 508 1195 592 ἀνωτίραν
1226 514 1339 581 παντός

120 631 250 717 ἀνιαροῦ
273 635 502 718 συνανιήματος
524 637 553 704 †.

389 817 590 885 CCXXXV.
613 819 697 886 6875
713 817 826 896 (1367)
846 816 931 880 iulio.
947 815 1011 880 ind.
1026 816 1063 880 V.

246 959 474 1030 Δπσλίορίοοοριιι
487 957 627 1014 Leucadia
636 1005 638 1008 .
646 960 816 1029 ίπακείτείιιν
829 959 860 1010 ιἰε
873 958 1045 1027 metropolim.
1055 956 1211 1027 Νοιιρσοίί.
1225 1036 1227 1040 ¹

202 1111 223 1183 †
270 1105 437 1188 Πραεις
485 1103 705 1188 συνοδοκή
753 1103 824 1166 ἀπὶ
870 1113 917 1186 τη
965 1104 1219 1185 μιταδίσιι
1264 1109 1338 1165 τοῦ

114 1221 392 1287 Ναυπάκτου
426 1223 468 1297 ἐξ
501 1221 871 1306 ἀρχιιπισκοπής
904 1231 978 1305 τής
1012 1219 1248 1294 Λευκάδος
1279 1225 1310 1300 †.

202 1345 222 1419 †
246 1341 372 1405 Σκοπείν
398 1343 459 1425 χρὴ
482 1340 537 1403 καὶ
559 1343 593 1402 τῦ
616 1349 669 1424 της
691 1343 791 1424 ψυχῆς
813 1338 898 1423 ὄμμα
931 1349 1088 1424 πανταχοῦ
1111 1343 1265 1423 περιάγειν
1287 1343 1338 1403 τόν

115 1479 152 1539 γι
177 1460 305 1544 ἀληθῶς
327 1459 473 1544 εἰληφότα
495 1464 578 1542 παρὰ
598 1459 731 1542 Χριστοῦ
753 1461 806 1543 τήν
828 1471 886 1522 τῶν
910 1456 1003 1530 αὐτοῦ
1036 1459 1169 1537 λογικῶν
1191 1462 1336 1544 θρεμμά-

114 1569 184 1643 των
208 1581 409 1663 ποιμαντικήν
441 1583 643 1661 προστασίαν,
671 1583 724 1641 καί
748 1579 805 1662 μήν
828 1577 866 1662 δή
888 1579 1040 1662 προῦργοο
1062 1581 1220 1654 τίθεσθαι,
1254 1577 1336 1651 ὅπως

112 1699 211 1784 μηδὲν
234 1721 261 1761 τι
283 1700 394 1760 τοῦτων
417 1703 507 1781 μέρος
530 1693 685 1760 όποσολῶν
708 1695 724 1762 ό
747 1695 778 1771 ἐξ
801 1695 899 1782 ἀρχής
920 1695 990 1782 ἡμῖν
1024 1701 1197 1780 βασκαίνων
1221 1701 1329 1780 ,πόρρω

113 1819 217 1902 βάλλῃ
252 1827 306 1902 τῆς
325 1813 542 1902 προσηκούσης
563 1821 619 1880 καί
642 1820 791 1900 σωτηρίου
812 1825 909 1900 νομῆς
930 1827 968 1901 ra
996 1819 1191 1880 σπάνεικαί
1224 1813 1337 1901 ἐρημία

111 1945 172 2001 τῶν
195 1949 261 2008 ταῖς
282 1937 499 2006 διδασκαλίαις
521 1933 621 2018 ὥσπερ
647 1939 707 2000 τισί
739 1939 828 2006 πόσις
861 1933 1019 2022 ἐκτρέφειν
1052 1931 1130 1998 αὐτὰ
1151 1937 1335 2019 δυναμίνων,

113 2055 150 2122 οὖ
177 2061 279 2146 μόνον
311 2059 370 2140 γάρ
404 2055 560 2118 ἀκολιίται
593 2057 628 2118 ιδ’
661 2063 713 2118 τοῦ
735 2055 868 2139 Χριστοῦ
889 2059 1027 2138 ποίμνιον
1049 2065 1087 2138 πή
1121 2063 1176 2138 πής
1206 2055 1335 2138 λογικῆς

114 2175 220 2257 ἀνδεία
241 2185 371 2261 τροφῆς,
404 2171 486 2236 ἀλλά
507 2169 562 2235 καί
582 2176 677 2258 θηρσί
700 2175 779 2256 βορά
801 2177 886 2236 ταυτί
908 2175 1079 2258 γενήσεται,
1101 2173 1186 2250 λίγυ-
1208 2174 1247 2257 δή
1270 2181 1335 2246 τάίς

113 2291 292 2378 εάδοκίμοις
313 2297 367 2356 καί
388 2293 549 2376 κιβδήλοις
571 2293 787 2363 διδασκαλίαις
810 2303 868 2354 τῶν
891 2293 979 2375 ἔργον
1002 2289 1053 2355 ἀεί
1072 2296 1273 2376 ποιουμένων,
1296 2295 1334 2356 τά

110 2408 348 2498 τής-εόσεβείας
366 2410 517 2493 εἰλικρινῆ
539 2409 682 2493 δόγματα
703 2413 952 2494 παραχαράττων
978 2414 1033 2472 καί
1066 2411 1108 2493 τῷ
1129 2415 1202 2494 σίτφ
1226 2413 1261 2474 τό
1284 2414 1332 2484 tt·

112 2533 217 2602 ζάνιον
239 2527 438 2610 ἀποσπείρων·
473 2525 548 2590 ὅθεν
571 2523 634 2590 οόδ’
661 2526 709 2591 ἐπί
729 2529 807 2592 πυλῦ
830 2529 889 2613 χρή
911 2531 1153 2611 παρατιίνεσδαι
1173 2529 1208 2591 τό
1242 2525 1334 2592 ἀπυί-

111 2669 226 2732 μαντον
248 2656 306 2710 τῶν
329 2657 526 2731 χηρευουσῶν
549 2645 733 2730 ἐκκλησιῶν,
757 2643 827 2730 μηδ’
851 2644 1084 2730 άνευπροίδρου
1100 2648 1212 2718 ταότας
1226 2647 1333 2726 διατι-

110 2767 186 2840 λείν,
201 2769 256 2828 καί
272 2761 400 2849 μάλισθ’
417 2760 505 2836 ὅσαις
521 2765 696 2848 συμβέβηκε
713 2767 808 2847 μίσον
823 2773 941 2842 γενῶν.
955 2812 963 2828 .
976 2813 984 2827 .
998 2814 1005 2828 .
1029 2761 1071 2836 ῶς
1087 2761 1118 2826 ἀν
1141 2763 1257 2850 σποδιᾷ
1277 2773 1334 2849 πῦρ

110 2884 365 2966 σὀγκρῦπτισδαι
386 2887 440 2945 καί
463 2885 497 2946 τῦ
519 2887 634 2969 φαίνειν
658 2885 740 2950 κατὰ
762 2885 871 2966 μικρὸν
891 2880 1093 2964 ἀποβάλλειν,
1118 2881 1158 2966 μή
1184 2886 1335 2966 παρόντος

110 3009 178 3065 τοῦΙ
198 3003 251 3085 τήν
286 2999 395 3086 ἄναψιν
417 3003 586 3086 δυναμένου
607 3011 714 3076 ποιεῖν,
731 3077 733 3080 ¹
748 2999 850 3064 ὁποῖον
873 3001 971 3086 δήπου
993 3005 1047 3064 καί
1070 3003 1104 3065 τά
1125 3011 1177 3064 νῦν
1191 2998 1269 3087 ήμίν
1303 3001 1334 3066 ίν

111 3119 228 3196 λόγοις·
261 3116 281 3203 ή
315 3123 374 3202 γάρ
406 3129 472 3190 ταῖς
495 3123 654 3202 μεγίσταις
676 3117 796 3182 ἀνωθεν
822 3117 1002 3202 ίγκριδεῦσα
1025 3131 1083 3184 τῶν
1117 3123 1334 3204 μητροπόλεων

112 3235 275 3323 ἁγιωτάτη-
308 3238 494 3322 μητρόπολις
531 3235 748 3312 Ναυπάκτου,Ι
775 3235 944 3322 ἀρχιερέως
986 3242 1124 3323 γνησίου·
1149 3241 1334 3324 χηριόυυσα,

111 3359 204 3441 ψήφῳ
227 3351 373 3441 συνοδική
388 3361 440 3420 τόν
455 3355 566 3440 ἀαυιής
580 3361 791 3440 ’ποιμέναῑκαί
812 3359 962 3440 πρόεδρον
985 3357 1118 3444 εἴληφεν,
1141 3357 1239 3442 ἀνδρα
1261 3379 1333 3424 σον-

114 3477 183 3540 κτῦν
216 3478 271 3537 καί
302 3477 454 3547 πολλάκις
475 3469 549 3557 ’ὑπὲρ
575 3463 734 3556 εὐσεβείας
767 3476 1004 3559 διηγωνισμίνον
1037 3497 1068 3538 τι
1094 3478 1333 3556 καίπαδόντα,

113 3593 155 3665 ιὐς
179 3593 293 3668 ἔδειξεν
314 3591 334 3678 ή
356 3591 427 3680 ἡμῖν
442 3591 515 3676 ὑπὲρ
531 3589 624 3658 αὐτοῦ
640 3595 926 3680 πεμφθεῖσα-κοινή
948 3598 1033 3676 παρὰ
1055 3604 1113 3657 τῶν
1135 3593 1236 3673 ίκιῑσε
1258 3613 1332 3656 τυπ-

113 3724 228 3797 αρχῶν,
252 3701 308 3776 Ιἔτι
340 3713 375 3775 δὲ
398 3715 452 3775 καί
474 3721 532 3774 τῶν
555 3711 795 3776 ἀλλωνπάντων
820 3712 965 3795 ίκκρίτων
987 3735 1020 3776 τε
1042 3717 1097 3776 καί
1118 3713 1258 3790 λογάδων
1280 3715 1354 3815 καί.

113 3839 170 3892 τῶν
193 3837 247 3893 τοῦ
268 3831 387 3915 κλήρου
411 3829 565 3914 ἔγγραφος
588 3834 748 3913 μαρτυρία,
772 3827 806 3893 υά
831 3833 889 3914 μήν
913 3829 995 3894 ἀλλά
1020 3835 1074 3894 καί
1106 3831 1159 3913 τήν
1192 3851 1333 3913 χειροτο-

114 3953 181 4010 νίαν
213 3953 357 4033 πρότερον
390 3957 444 4032 τῆς
467 3945 638 4032 ἁγιωτάτης
671 3946 914 4037 ἀρχιεπισκοπής
935 3949 1099 4028 Λευκάδος
1132 3946 1333 4034 ἀνηρημίνον,

116 4067 354 4150 ἀποδιωχθίντα
386 4065 413 4130 δ’
437 4065 557 4131 ἐκεῖθεν
579 4072 662 4152 παρὰ
683 4079 742 4133 τῶν
764 4069 896 4144 Ἰταλῶν,
931 4057 981 4140 ὃς
998 4070 1035 4153 δή
1058 4071 1141 4152 παρὰ
1163 4079 1217 4154 τῆς
1248 4065 1333 4154 ήμῶν

116 4189 321 4272 μετριότητος,
344 4189 435 4271 ψήφῳ
457 4187 613 4270 συνοδική,
636 4185 678 4258 ἀς
700 4189 881 4272 δεδήλωται,
899 4197 952 4272 τής
966 4191 1034 4270 περὶ
1050 4185 1142 4272 αὐτήν
1157 4186 1334 4274 ὀμηγῦρεως

114 4317 171 4368 τῶν
195 4305 363 4388 ἱερωτάτων
386 4307 622 4389 μητροπολιτῶν,
636 4313 690 4368 τοῦ
704 4303 905 4388 Καισαρείας,
929 4313 982 4368 τοῦ
1003 4305 1149 4392 Ἐφέσου,
1165 4315 1218 4369 τοῦ
1240 4305 1334 4388 Ἡρα-

115 4425 232 4500 κλείας,
255 4435 308 4488 τοῦ
330 4421 475 4501 Κυζίκου,
498 4433 552 4487 τοῦ
567 4423 778 4507 Χαλκηδόνος,
802 4434 855 4486 τοῦ
871 4421 1159 4507 Ἃῦριανουπόλεως,
1182 4431 1235 4487 τοῦ
1251 4423 1333 4487 Πον-

116 4545 327 4626 τυηροικλείατ.
353 4554 406 4607 τοῦ
428 4543 581 4624 Βρῦοευις,
605 4551 657 4605 τοῦ
681 4541 783 4620 Αἴνου,
807 4553 859 4607 τοῦ
881 4543 1004 4630 Βιζύης,
1028 4555 1080 4610 τοῦ
1097 4543 1266 4628 Σηλυβρίας
1281 4549 1335 4605 καί
