3258 5282
1278 312 1337 373 881

111 493 157 566 ὃς
179 491 215 558 οδ
236 500 319 560 κατὰ
339 499 384 558 τ’δ·
398 498 568 580 μοναχικύν
584 495 772 580 Ιἐπάγγελμα
793 495 1003 560 πολιτεύονται
1023 494 1230 566 οί“δοκούνττς
1244 499 1340 579 προέ-

112 625 264 698 χτιν-τύν
286 615 397 691 ἄλλων,
410 613 462 686 ώς
483 617 581 700 δῆθεν
606 613 743 700 μοναχοί
767 621 821 684 καί
847 614 1011 700 ἱερωσύνης
1038 613 1169 690 ἀναξίως
1193 614 1341 700 ἐπειλημ·

112 739 216 815 μίνυι,
248 738 304 796 καί
327 736 385 816 πρό
412 737 591 811 γεπάντων
617 731 634 797 ὁ
661 733 805 805 Ἀνανίας
831 731 848 797 ὁ
874 743 927 796 τού
953 734 1052 818 Τύρου
1080 733 1203 818 ἀνεψιός
1229 737 1285 797 καί
1310 730 1344 797 οἱ

110 853 292 935 σομμύσται-
310 857 365 916 καί
388 859 583 936 μυσταγωγοῦ
605 855 722 928 τούτου,
744 851 829 922 ὅστις
850 856 904 914 καί
924 861 979 914 τού
997 851 1096 934 Τύρου
1119 851 1257 914 ἐνταῦθα
1273 851 1342 913 δτι·-Ι

112 971 286 1054 δημωῦντος
317 969 418 1042 ἀδεῶς
449 968 487 1056 ήν
512 975 649 1054 πράττων
676 975 715 1038 τὰ
741 963 856 1046 ἄτοπα,
884 965 939 1036 καί
965 981 1023 1038 των
1049 973 1144 1034 θείων
1171 967 1342 1053 ἁπτόμενος

111 1088 366 1174 καίν’·ίερουργῶν,
389 1089 414 1153 ώ
436 1088 585 1174 δίκηκαί
606 1095 695 1174 νόμοι
716 1093 804 1167 θεοῦ,
827 1089 1089 1173 δινερυθριάστως,
1116 1087 1159 1160 ύς
1180 1090 1216 1161 δὲ
1238 1085 1255 1152 ὁ
1277 1086 1341 1153 Τύπ-

112 1229 172 1291 ρου
195 1219 307 1272 αυτόθι
329 1207 523 1292 ἐπιδημήσας
548 1211 624 1291 πρὸς
645 1209 700 1292 τήν
722 1209 778 1293 σήν
801 1205 961 1292 αγιότητα,
986 1207 1089 1270 ἔπεισε
1115 1209 1211 1290 ταύτῃ
1235 1205 1342 1289 ἐγχει-

112 1331 267 1410 ρίσασθαι
289 1329 343 1412 τήν
364 1327 566 1413 ήγουμενείοιν
589 1339 644 1414 τῆς
668 1326 823 1418 ῥηθείσης
851 1329 1024 1410 σεβασμίοις
1050 1336 1144 1410 μονῆς
1171 1329 1214 1410 τῷ
1239 1327 1342 1410 δηλω-

111 1449 203 1510 θίντι
224 1444 441 1527 Ἀνανία,.καί
463 1446 557 1527 ἔλαβε
579 1448 690 1530 ταύτην
714 1445 768 1539 ἐπί
784 1455 983 1531 καταστροφή
1010 1454 1065 1530 τῆς
1092 1443 1210 1515 οἰκείας
1232 1449 1343 1527 ψυχῆς,

114 1563 361 1649 ἁφροντιστήαας
381 1567 532 1637 καθάπαξ
553 1568 607 1627 καί
629 1562 708 1636 ὅλως
729 1559 783 1626 τοῦ
805 1573 907 1626 κακοῦ
929 1566 1062 1642 γεγονώς
1083 1568 1137 1626 καί
1153 1562 1272 1626 ἀτόπων
1287 1565 1343 1623 καί

113 1672 437 1766 βεβήλωνδυοτειύν
463 1683 673 1769 ἐφαψάμενος,
705 1681 835 1766 ἀναίδην
861 1686 958 1764 πόρνη
986 1686 1107 1758 γυναικί
1137 1683 1342 1764 συνηυνάζετο

112 1792 278 1874 ἐντδςτού
297 1804 422 1867 κελλίοο
445 1799 539 1868 αύτυύ
562 1799 608 1888 ἐφ’
631 1799 860 1887 δλαιςῑδηλαδή
884 1801 996 1884 σχεδόν
1023 1813 1088 1871 ταῖς
1109 1803 1179 1876 νυξὶ,
1195 1819 1342 1862 κατασω-

112 1925 278 2004 ’ττοόρενος
298 1920 375 2005 ’μετ’
403 1918 512 2006 αὐτῆς,
545 1923 746 2006 παράδειγμα
768 1912 883 1992 κακίας
915 1929 978 1990 τοῖς
1011 1921 1203 2002 συμμύσταις
1234 1920 1342 1982 τούτου

114 2028 409 2123 προτιείμίενος.’τού
437 2049 509 2118 γοῦν
532 2043 671 2108 τοιούτου
698 2035 897 2124 ἀποστήματος
918 2037 1052 2122 ἐκδήλου
1074 2039 1265 2112 παντάπασιν
1287 2055 1346 2113 γε·

112 2156 319 2234 γονότοςκαὶ
340 2161 460 2246 πάντων
485 2161 706 2241 καταβοώντων
734 2153 789 2222 καί
817 2157 946 2242 ἀνομίαν
973 2167 1063 2221 τοῦτο
1089 2156 1129 2241 δή
1150 2159 1190 2219 τό
1217 2163 1346 2238 πράγμα

113 2274 353 2340 ἀποκαλούντων
378 2273 399 2362 ή
426 2280 586 2360 μετριότης
611 2273 697 2362 ήμών
729 2269 866 2350 ἐξετάσει
893 2277 992 2344 δοῦσα
1018 2278 1053 2338 τό
1078 2269 1293 2359 πράγμαώς
1308 2291 1345 2350 γε

113 2383 223 2479 ἐχρῆν,ΙΙ
248 2390 318 2477 εύρε
344 2403 451 2460 τοῦτον
479 2399 537 2479 ρια·
565 2405 624 2459 τῶν
649 2405 764 2459 νυκτῶν
798 2399 1049 2478 συγκοιμώμενον
1075 2397 1133 2461 καί,
1156 2393 1341 2463 σονευναζό·

114 2523 267 2598 μενον.τή
289 2513 475 2596 δηλωθείση-
491 2517 599 2597 πόρνη,
621 2517 681 2576 καί,
698 2510 793 2584 ούτως
809 2509 945 2581 -ἐάλωδ
972 2513 1154 2596 τρισάθλιος
1180 2508 1225 2574 ἐπ’
1249 2506 1344 2572 αδτο·

113 2633 198 2726 φόριμ
224 2633 259 2694 τύ
285 2639 340 2716 τῆς
356 2635 508 2714 πορνείας
540 2631 652 2716 αἶσχος
680 2632 954 2715 διαπραττόμενος·
985 2629 1132 2716 ἐξήλασεν
1161 2627 1213 2694 ούν
1239 2638 1346 2702 τοῦτον

113 2735 179 2813 δια·
188 2758 285 2812 ταῦτα
308 2761 366 2834 τήςΙ
384 2746 599 2834 ἡγουμενείας,
623 2748 744 2834 ἐπείπερ
767 2747 802 2813 ού
826 2743 1036 2834 μόνονάἵτιος
1052 2747 1153 2832 ἐαυτῷ
1167 2753 1276 2826 γόγονε
1291 2757 1347 2832 τής

114 2871 259 2951 τοιαύτης
273 2873 406 2944 κακίας,
426 2866 508 2933 ἀλλὰ
530 2873 584 2932 καί
613 2868 728 2952 ἑτόροις
755 2869 909 2952 μετέδωκε
937 2877 991 2953 τῆς
1019 2867 1138 2939 οἰκείας
1164 2867 1264 2951 λύμης
1290 2869 1347 2940 καὶ

113 2992 249 3073 ψυχικῆς
271 2985 436 3064 ἀπωλείας,
460 2989 610 3072 σπήλαιον
633 2989 755 3055 λαστών
777 2991 831 3072 τήν
847 2989 941 3071 μονήν
958 2985 1179 3070 ἐργασάμενος,
1203 2983 1344 3048 ἀποκατ-

114 3111 226 3188 έστησε
249 3107 292 3167 δὲ·
306 3106 360 3168 διὰ
383 3109 565 3190 συντήρησιν
589 3115 644 3188 μεν
666 3110 723 3170 καί
743 3104 915 3192 ἀσφάλειαν
937 3115 994 3168 τών
1019 3103 1054 3167 ’ἐν
1072 3099 1159 3188 Ιαύτή
1186 3113 1342 3186 μοναχών,

114 3212 294 3306 αναστυλήν
318 3224 353 3286 δὲ
376 3221 436 3286 ’καὶ
461 3219 655 3306 ἀναχαίτισιν
682 3233 736 3307 τής
762 3233 815 3287 τὀύ
843 3231 945 3293 κακοῦ
971 3227 1142 3306 συνηθείας
1172 3218 1344 3305 ἡγούμενον

112 3341 148 3405 ’ἰν
167 3339 251 3426 -αδτή
274 3341 370 3425 ἄνδρα
392 3347 491 3426 τίμιον
512 3347 568 3404 καί
602 3337 717 3426 εύλοιβή
740 3345 794 3404 καί
821 3327 961 3425 ἐνάρετον
991 3338 1107 3424 ὁρισμῷ
1135 3343 1190 3403 καί
1218 3337 1346 3418 τύδοκίιμ

113 3452 277 3544 βασιλική,
296 3457 379 3531 ὅστις
401 3457 458 3524 ύπύ
474 3469 535 3544 τῆς
558 3463 688 3545 ἐνούσης
711 3458 793 3545 αύτιρ
815 3459 924 3545 ἀρετῆς
945 3447 1067 3526 καὶτοῦ
1083 3460 1219 3542 Χριστοῦ
1234 3460 1346 3540 τρόπου
1410 3453 1412 3457 ’

113 3585 168 3644 καὶ
195 3587 251 3664 τῆς
278 3579 324 3650 τίς
350 3583 389 3642 τὰ
419 3584 611 3663 πνευματικὰ
642 3583 812 3666 ἐπιστήμης
843 3582 979 3654 δύναται,
1013 3581 1148 3662 βοηθείᾳ
1175 3581 1230 3660 μὲν
1253 3577 1344 3675 βεού,

115 3699 276 3784 ἀντιλήψει
298 3699 333 3760 δὲ
355 3701 411 3760 καί
432 3706 486 3780 τῆς
509 3695 679 3779 ύπεράγνου
702 3700 864 3782 δεσποίνης
886 3703 940 3760 καί
955 3699 1161 3778 θεομήτορος,
1177 3694 1231 3776 τήν
1248 3693 1342 3776 μονὴν

115 3818 160 3888 εἰς
182 3821 218 3880 τύ
240 3829 375 3900 κρεῖττον
397 3821 452 3877 καί
474 3817 593 3895 βέλτιον
614 3819 765 3898 προάξειν,
788 3819 858 3886 τούς
878 3814 904 3878 δ’
920 3817 952 3878 ἐν
970 3810 1047 3896 αύτή
1071 3811 1230 3895 μοναχούς
1246 3831 1344 3894 μετα-

116 3937 339 3998 σκευάσασθαι
360 3939 414 3997 καὶ
446 3943 626 4017 μεταπεῖσαι
652 3937 726 4015 πρύς
760 3932 868 4017 ἀρετήν
892 3937 951 4006 ,καὶ
980 3931 1157 4010 εὐλάβειαν·
1186 3929 1265 4014 πλήν
1290 3933 1346 3992 καί

117 4049 198 4117 ούτω
221 4057 476 4136 τοῦπράγματος
499 4052 627 4135 ἔχοντος
649 4055 783 4114 καὶτῶν
805 4055 886 4114 κατὰ
908 4051 962 4132 τήν
986 4049 1081 4132 μονήν
1104 4049 1156 4130 τήν
1179 4049 1346 4132 διόρθωσιν

115 4175 283 4254 λαβόντων,
307 4173 340 4234 δν
363 4171 535 4258 ἐγράφομεν
558 4175 666 4254 τρόπον
693 4176 747 4233 καὶ
774 4173 997 4254 δηλοποιούμεν
1015 4163 1096 4251 ύμῖνΙ
1109 4173 1164 4231 καὶ
1186 4167 1289 4242 αὖθις,
1311 4171 1346 4230 τό

116 4302 171 4376 τής
203 4288 377 4376 ἁγιωσύνης
408 4291 527 4353 δίκαιον
561 4293 758 4373 σονετηρήθη
790 4293 845 4352 καί
881 4291 1095 4370 περισώζεται,
1128 4293 1182 4350 καὶ
1213 4283 1233 4370 ἡ
1268 4289 1346 4372 μονή

119 4409 200 4474 ἐστιν
223 4407 280 4472 ύπύ
303 4409 356 4490 τήν
383 4410 439 4490 σήν
462 4407 611 4493 ἁγιότητα
638 4407 680 4478 ὡς
707 4409 761 4470 καὶ
786 4412 931 4502 πρότερον
959 4407 1204 4492 ἀπαραποιήτιος.
1228 4405 1345 4488 ἔκρινεν

110 4525 171 4599 ,σύν
193 4523 355 4610 δίκαιον-ἠ
378 4532 539 4612 μετριότης
560 4525 646 4612 ἡμῶν
669 4527 893 4610 παραδηλιῦσοιι
919 4536 1016 4590 ταῦτα
1037 4531 1092 4590 καί
1117 4528 1191 4606 πρός
1212 4525 1266 4606 τήν
1289 4523 1345 4606 σήν
