3314 5266
344 281 408 346 592

342 474 381 550 τῇ
412 463 543 528 κολάσει
573 467 824 548 παρακύμπεται,
857 462 875 527 ύ
907 465 942 528 δύ
965 464 1007 548 μή
1030 463 1246 550 ἀρνησάμενος
1280 469 1331 530 τύν
1363 470 1441 532 θεύν
1483 465 1559 531 ἁλλὰ

343 593 442 666 τηρῶν
474 586 529 655 τάς
562 579 688 654 ύντολάς
711 577 804 646 αὐτού
838 581 906 667 ἔχει
929 583 1008 666 ζωὴν
1031 583 1161 646 αὶιύνιον.
1185 585 1236 647 διά
1257 595 1348 648 τοῦτο
1371 589 1478 670 γράρω
1511 589 1559 648 καὶ

342 711 479 784 παραινῶ
501 723 552 765 σοι
585 700 626 773 ὣς
647 704 747 786 πατήρ
770 723 841 778 σου,
862 699 913 764 ἵνα
938 706 1097 786 προσίχης
1119 706 1173 764 καί
1195 713 1289 787 τηρης
1310 705 1346 765 τύ
1368 703 1490 788 φίλημα
1511 713 1560 765 τού

342 829 484 903 σταυροῦ,
504 831 640 902 κρεῖττον
663 823 722 906 γὰρ
744 820 811 883 δστί
833 841 882 882 σοι
904 823 946 903 μὴ
967 823 1139 904 παραβάντι
1161 825 1195 885 τύ
1218 823 1339 908 φίλημα
1361 831 1416 887 τοῦ
1432 830 1560 904 σταυροῦ

342 937 509 1004 ἀποθανεῖν
532 950 713 1024 σωματικῶς
734 939 755 1024 ἢ
777 947 866 1003 τούτο
887 943 1059 1023 παραβάντι
1081 939 1247 1004 ἀποθανεῖν
1271 947 1412 1026 βυχικῶς
1432 947 1488 1005 καὶ
1510 946 1561 1023 ζῆν

342 1068 533 1141 σωματικῶς.
556 1061 691 1143 πρόσεχε
714 1067 796 1136 γοῦν,
820 1054 892 1122 ὅσον
916 1059 1109 1136 ύνιδυνατύν,
1132 1064 1186 1123 καί
1209 1062 1250 1145 μὴ
1265 1063 1440 1144 παράβαινε
1453 1063 1488 1124 τύ
1511 1067 1562 1122 τού

342 1187 473 1260 σταυροῦ
485 1178 613 1262 φίλημα,
630 1177 658 1240 εί
668 1181 722 1240 καί
736 1180 875 1250 θάνατος
888 1181 1048 1260 πρόκειταί
1064 1200 1121 1254 σοι,
1139 1177 1220 1242 ἀλλὰ
1236 1180 1416 1242 σπούδασον
1429 1183 1482 1242 καὶ
1496 1177 1563 1240 δατ·

341 1297 506 1380 μελήθητι,
518 1293 577 1380 ὅση
589 1317 645 1360 σου
657 1297 793 1378 δύναμις,
805 1293 855 1358 ἵνα
866 1307 955 1380 ποιης
966 1292 1072 1372 οὕτως,
1084 1300 1195 1368 καθιύς
1207 1319 1257 1361 σοι
1267 1299 1525 1381 παρακελεύομαι
1535 1301 1563 1372 †.

559 1479 765 1547 cccxxlx.
790 1483 1030 1560 (6880-1372)
1053 1486 1082 1545 5.
1098 1481 1200 1568 aprili.
1216 1483 1278 1546 ind.
1294 1483 1336 1546 X.

341 1622 577 1677 Ηίετοτιεοιεασίεεεε
600 1623 713 1694 quidam
737 1633 762 1678 εί
778 1623 901 1693 populus
921 1623 1025 1685 Phari,
1050 1625 1098 1693 ριιί
1121 1625 1284 1678 christianos
1303 1628 1444 1696 ρτορερου
1469 1625 1564 1678 nnis

734 1743 919 1803 tradiderant.
941 1745 1167 1800 τοκάσυετιακειεε.

426 1891 444 1964 †
465 1885 547 1971 Μηνὶ
569 1885 725 1970 άπριλλίιρ,
748 1884 849 1972 ηρύρορ
871 1888 901 1963 ε’,
923 1887 980 1950 tva.
997 1889 1140 1972 δεκάτης,
1156 1892 1400 1972 προκαθημένου
1417 1898 1471 1952 τού
1484 1909 1560 1952 ταν-

340 2008 528 2084 ναγιωτάτου
549 2001 635 2088 ἡμῶν
647 2006 805 2081 δεσπότου,
829 2013 881 2067 τού
895 2005 1109 2088 οἷκοομενικού
1123 2011 1322 2091 πατριάρχου,
1340 2007 1372 2070 ὲν
1397 2019 1462 2078 τοῖς
1482 2009 1559 2069 κατὰ

340 2128 390 2188 τύν
428 2122 517 2202 άγιον
554 2123 769 2209 Θεορύλακτον
806 2125 942 2194 κελλίοις
980 2135 1034 2209 της
1072 2126 1209 2209 μεγάλης
1247 2122 1424 2208 ἁγιωσύνης
1461 2121 1559 2195 αύτού,

340 2245 594 2326 συνεδριαίύντων
617 2238 699 2325 αὐτῷ
719 2246 773 2304 καί
797 2252 853 2304 τῶν
877 2241 1045 2324 ἱσρωτάτων
1062 2241 1229 2326 ἀρχιερύων
1244 2240 1298 2304 καὶ
1313 2238 1495 2325 ύπερτίμων,
1509 2247 1559 2303 τού

340 2360 486 2448 Ἐρύσου,
514 2369 567 2424 τού
589 2359 783 2444 Ἡρακλείας,
805 2369 859 2423 τού
880 2359 1033 2442 Βρύσεως,
1056 2370 1110 2424 τού
1133 2361 1352 2434 Σωζοπύλεως,
1376 2369 1432 2422 τοῦ
1456 2359 1560 2443 ύρχιε-
1647 2423 1648 2426 ,

337 2484 489 2544 κισκύπου
510 2479 689 2562 Μαρωνείας
711 2482 765 2542 καί
787 2487 840 2542 τοῦ
851 2477 984 2543 Τενέδου
1006 2481 1057 2544 διὰ
1080 2483 1212 2564 γνώμης,
1236 2476 1383 2562 ἔλαλήθη
1403 2483 1487 2540 κατὰ
1509 2485 1559 2539 τού

338 2597 399 2662 ἀπὸ
421 2606 474 2662 τού
490 2597 598 2680 Φάρου
620 2597 824 2681 ἱερομονάχου
845 2605 899 2660 τοῦ
922 2645 1044 2673 ......
1078 2595 1125 2659 ύτι
1146 2601 1317 2680 χριστιανοί
1338 2617 1418 2664 τινες
1441 2597 1558 2678 αἰχμά-

336 2718 430 2780 λωτοι
450 2726 503 2801 της
526 2715 742 2800 αἰχμαλωσίας
764 2717 941 2797 διαδράντες
962 2721 1016 2778 καί
1036 2717 1110 2798 πρύς
1130 2719 1164 2776 τύ
1180 2714 1338 2798 εἰρημένον
1353 2718 1493 2794 κάστρυν
1509 2713 1559 2775 λλ·

337 2836 448 2906 θύντες
469 2838 640 2919 κατάρυγον
664 2831 708 2904 εἰς
731 2835 782 2894 τύν
804 2839 858 2895 τού
880 2831 970 2910 άγίου
997 2833 1267 2916 μεγαλομάρτυρος
1293 2835 1349 2893 καὶ
1371 2832 1559 2914 τροπαιοφό-

336 2973 391 3036 ροο
412 2950 565 3034 Γεωργίοο
586 2953 668 3026 ναύν,
692 2948 723 3012 ἐν
747 2949 771 3036 ᾧ
792 2947 830 3034 ἦν
853 2945 940 3021 ούτος
963 2949 1121 3032 ίερσιτικως
1141 2947 1340 3011 δκδουλεύων·
1366 2952 1559 3031 ζητουμένων

336 3070 372 3132 δύ
405 3067 503 3134 αύτων
534 3073 617 3154 παρὰ
649 3077 702 3132 τού
736 3067 835 3133 ἐκεῖσε
858 3070 935 3132 λαού
958 3067 1005 3131 ύπί
1027 3067 1069 3151 τῷ
1088 3071 1162 3150 πρύς
1185 3069 1255 3139 τούς
1277 3067 1433 3148 Τούρκοος
1466 3068 1559 3130 πάλιν

337 3184 448 3259 αύτούς
471 3186 606 3266 ἀγαγεῖν,
630 3183 719 3259 ούτος
741 3183 777 3250 ού
802 3190 894 3269 μόνον
916 3183 1014 3250 αὐτῶν
1035 3188 1089 3268 την
1110 3189 1245 3268 πονηράν
1261 3187 1383 3267 γνώμην
1399 3180 1459 3246 ούκ
1475 3182 1556 3246 ἐκύ-

336 3309 446 3382 λυσεν,
460 3305 542 3370 ἀλλὰ
563 3309 617 3368 καί
639 3317 728 3390 κοινῇ
752 3303 814 3388 μετ’
839 3302 936 3368 αὐτῶν
958 3309 1012 3367 καὶ
1034 3305 1169 3388 μάλιστα
1189 3304 1245 3386 τρύ
1265 3312 1322 3364 τῶν
1339 3301 1441 3364 ἄλλων
1465 3297 1555 3370 αύτύς

335 3433 389 3488 τού
422 3445 455 3488 τε
488 3426 578 3486 θείου
612 3421 686 3486 ναού
708 3426 833 3496 τούτους
855 3421 1008 3505 ύξύβαλον,
1031 3422 1085 3486 καὶ
1108 3423 1140 3486 ἕν
1162 3443 1219 3499 τινι
1240 3421 1397 3503 σανδαλίῳ
1428 3423 1554 3487 τούτους

336 3543 523 3628 εἰσήγαγον,
569 3545 623 3604 καί
663 3552 725 3612 τοῖς
771 3543 894 3612 ναύταις
947 3541 1134 3613 ἀπελθόντες
1172 3544 1248 3624 πρὸς
1288 3540 1359 3611 τούς
1396 3537 1553 3621 Τούρκυυς
1647 3605 1648 3610 1

334 3662 540 3745 παρέδωκαν,
574 3670 631 3723 τύν
664 3660 699 3722 δὲ
734 3659 937 3744 αἰχμαλώτων
973 3664 1027 3723 καί
1062 3668 1158 3722 ταυτα
1201 3663 1278 3742 μετά
1315 3658 1457 3740 δακρύων
1494 3661 1551 3737 (71-
1647 3677 1648 3680 ¹

335 3783 472 3856 τούντων,
496 3777 689 3862 ἀπολυθῆναι
709 3777 782 3860 παρ’
803 3775 911 3853 αὐτῶν,
933 3780 1082 3859 καὶπρὸς
1104 3779 1174 3848 τούς
1195 3775 1351 3860 Τούρκοος
1373 3776 1445 3858 (μὴ)
1459 3774 1550 3836 πάλιν

336 3895 525 3972 δπανιλθείν,
549 3895 714 3973 ἐγίνωσκον
736 3899 808 3978 γάρ,
831 3893 872 3968 ύις
895 3893 1017 3958 ἐπειδὰν
1040 3893 1068 3957 οἱ
1089 3893 1221 3976 Τούρκοι
1242 3895 1296 3978 τήν
1319 3889 1418 3956 αύτεῑιν
1450 3892 1548 3976 ρυγην

335 4018 471 4097 μάθωσι,
493 4023 600 4084 κακῶς
622 4011 731 4084 αύτούς
752 4015 957 4098 τιμωρήσουσι
979 4017 1030 4076 καί
1056 4015 1244 4099 ρυνεύσυυσι,
1278 4009 1365 4074 αότυί
1387 4005 1445 4073 υύκ
1467 4007 1546 4094 ἠθά-

334 4134 442 4216 λησαν,
466 4131 547 4194 ἀλλὰ
568 4135 750 4215 παρέδωκαν
773 4129 882 4203 αύτούς
905 4145 965 4203 τοῖς
980 4131 1138 4215 Τούρκοις.
1165 4134 1272 4193 τούτου
1294 4139 1367 4208 γοῦν
1389 4127 1470 4192 ούτω
1492 4147 1543 4202 γε·

331 4253 455 4326 γονύτος
476 4255 531 4314 καὶ
552 4247 609 4312 οὐκ
631 4248 742 4326 άλλως,
765 4247 807 4320 ὣς
829 4249 1001 4334 ἐγνωρίσθη
1023 4255 1077 4312 καί
1098 4253 1181 4332 παρὰ
1203 4259 1256 4313 τοῦ
1279 4254 1462 4332 τιμιωτάτου
1486 4268 1542 4309 σα-

329 4369 455 4432 κτλλίου
487 4377 542 4452 τῆς
564 4365 737 4454 ἁγιωτάτης
757 4377 811 4432 τού
833 4370 909 4431 θοοῦ
937 4369 1074 4453 μεγάλης
1096 4366 1276 4452 ἐκκλησίας,
1309 4369 1456 4431 διακόνου
1489 4373 1543 4446 κύρ

328 4483 467 4549 Ἰωάννου
496 4494 550 4549 τού
571 4485 752 4570 Τοεοτηνού,
786 4485 975 4557 ἀπελθόντος
996 4484 1038 4558 ύς
1062 4487 1192 4570 ἔξαρχος
1214 4485 1278 4549 ἐκεῖ
1305 4483 1337 4560 ἐξ
1367 4481 1542 4569 άποστολης
1647 4559 1648 4576 ρ
