3258 5278
1261 263 1318 326 111

103 446 209 524 λέγειν,
224 444 251 530 ἦ·
268 449 360 528 μόνον
381 449 416 510 τό
441 454 494 510 τού
517 449 630 532 χρόνου
651 445 696 518 εἰς
716 448 879 511 δικαίωσιν
902 443 1230 530 ίαυπυδαρυεβάλετυ.
1253 449 1319 512 διό-

104 583 231 642 γνιιαται
255 560 307 626 υύν
328 575 367 650 πρ
388 561 475 648 ἡμῶν
498 569 672 650 μετριότητι
692 569 747 628 καί
769 577 832 636 τοίς
852 570 921 648 περί
947 561 1042 650 αύτην
1058 564 1239 648 ,ἱερωτάτοις
1261 565 1320 650 ἆρ-

102 690 242 766 χιιρειῑσι,
266 683 385 747 δίκαιον
413 683 504 759 εἶναι,
534 681 575 756 ὥς
603 682 640 746 ἂν
665 688 747 748 κατά
774 687 830 756 τάς
855 685 1033 768 περιλάμψεις
1058 693 1117 746 τῶν
1144 705 1176 746 τι
1204 695 1322 750 σεπτόιν

101 801 334 884 χρυσυβυύλλων
354 807 409 864 καί
429 806 672 886 προσταγμάτων
693 807 748 866 καί
771 811 829 866 τῶν
851 800 961 885 ότόρων
986 803 1202 886 δικαιωμάτων
1223 807 1319 868 καιό-

103 942 177 1004 χωσι
203 925 240 983 τά
269 920 416 1006 ιίρημόνα·
442 921 601 1008 οἰκήματα
625 921 655 986 οἱ
686 920 912 1006 ἀδελφόπαιδες
939 920 1059 984 ίκείνυυ
1085 927 1139 986 καί
1171 921 1187 986 ό
1215 932 1319 987 τυιυύὲ-

102 1059 155 1109 τος·
169 1037 350 1115 Βάσίλιιος,
367 1043 445 1123 μετὰ
467 1045 520 1104 καί
542 1050 596 1104 τού
617 1042 825 1124 δηλωθίντος,
840 1043 930 1104 θείου
957 1049 1032 1102 ναοῦ
1057 1044 1113 1104 καί
1141 1051 1199 1104 των
1222 1039 1319 1127 όμφυ-

103 1167 242 1222 τευτικῡν
272 1159 410 1236 δικαίαν,
435 1165 490 1222 καί
517 1160 630 1244 όχωαιν
658 1157 702 1223 ἐπ’
729 1158 840 1231 ἀδείας
857 1170 924 1222 ’τάν
951 1161 986 1222 τό
1015 1163 1097 1222 κατά
1125 1163 1247 1244 γνώμην
1273 1159 1322 1225 όπί

100 1279 350 1353 τούτοιςσπυιείν,
374 1283 429 1342 καί
455 1277 622 1365 δξυπηριτῄ
649 1279 818 1362 ἱερατικως,
845 1277 887 1350 ως
913 1279 1095 1364 δεδήλωται,
1118 1281 1322 1364 πρεσβύτσρος

99 1392 131 1454 Ιίν
145 1391 302 1480 ιαόιιρ,.δν
325 1395 362 1460 ἂν
385 1395 469 1472 υύτυι
492 1401 660 1481 βούλωνται
673 1403 743 1476 ,καί
762 1399 932 1481 θελησωσι,
960 1394 1024 1481 μετ’
1047 1396 1195 1482 είδησεως
1217 1402 1321 1482 μίντυι

102 1519 151 1575 καί
170 1526 331 1601 προτροπῇ
357 1527 411 1602 τῆς
437 1514 524 1602 ἡμῶν
553 1521 765 1602 μετριότητος,
788 1515 805 1580 ό
832 1517 867 1578 δί
893 1537 930 1594 γε
957 1523 1095 1588 τοιαύτας
1120 1517 1323 1600 ’πρεσβύτερος

103 1634 200 1699 τίλεον
223 1633 332 1719 ἀπόχη
354 1633 486 1712 ἰκεῖθιν,
508 1641 562 1716 καί
578 1639 744 1721 παύσηται,
760 1639 795 1700 τό
819 1635 879 1700 άπὸ
901 1637 991 1699 τοῦδε
1009 1632 1164 1720 δι’ύχλου
1179 1639 1322 1713 γίνεσθαι

104 1755 207 1832 τούτων
223 1751 446 1838 χάριν-αύτυίς,
466 1753 504 1827 ός
521 1757 618 1840 μηδὲν
635 1757 779 1840 μηδόλως
799 1757 921 1820 δίκαιον
944 1755 1037 1840 ίχων.
1060 1753 1136 1820 ὅθεν
1156 1761 1212 1820 καί
1234 1753 1321 1842 όριί·

101 1870 146 1934 λει
158 1875 343 1956 πραχθῆναι
359 1876 397 1936 τά
417 1877 484 1952 περί
507 1875 620 1936 τούτου
630 1877 712 1938 κατά
733 1875 789 1958 την
810 1875 982 1958 σονυδικ-ἠν·
994 1875 1116 1958 ταύτην.
1131 1861 1187 1937 καύ-
1207 1869 1321 1960 ἡμιό-

104 2010 155 2072 ραν
175 1992 353 2070 διάγνωσιν.
378 1998 474 2056 ταῦτα
494 1994 755 2078 παριιιβληθίντα
775 2014 806 2068 κ,
830 1993 908 2058 τ’..λ
931 1989 961 2072 ξ.

346 2177 455 2243 nvnl.
473 2123 719 2252 ξίίθ33-1324λ
741 2181 789 2244 19.
811 2177 998 2266 septemb'ris
1011 2178 1075 2244 ind.
1091 2178 1173 2244 v111.

469 2320 598 2390 Βμκυάοσ
613 2323 718 2376 dirimit
733 2324 954 2380 συαόνοοντείαοι.

181 2466 309 2551 ῒνΜηνί
331 2467 535 2550 σαυτεμβρίιμ,
562 2466 604 2530 ιδ’
625 2463 747 2550 ἡμίρα,
762 2467 893 2550 τετράδι,
914 2465 974 2530 ίνδ.
1002 2465 1126 2552 όγδόης,
1154 2469 1322 2550 προκαθη-

106 2588 191 2666 μίνυυ
212 2595 269 2650 τού
291 2589 523 2664 παναγιωτάτου
544 2582 630 2670 ἡμῶν
649 2587 877 2650 δεσπότουιτοό
897 2587 1112 2670 οίκυυμανικυό
1132 2587 1324 2669 πατργάρχου

107 2699 214 2778 ίντοίς
236 2709 322 2769 κατὰ
344 2708 396 2780 τόν
420 2703 509 2783 ἅγιον
530 2705 747 2790 Θιορύλακτον
772 2705 908 2776 καλλίους
934 2700 1039 2782 αότυύ,
1069 2704 1323 2786 συνιδριαξόντων

104 2826 282 2908 τριμεγάλη
313 2821 469 2908 άγιωσύνη
496 2819 590 2886 αύτοῦ
619 2829 673 2886 καί
700 2821 869 2906 ἱερωτάτων
896 2821 1072 2906 ἀρχιορίων,
1100 2829 1153 2884 τοῦ
1175 2821 1322 2897 Κυζίκου,

106 2937 264 3028 ύπιρτίμου
287 2947 342 3007 καί
357 2941 489 3026 ίξάρχου
507 2945 614 3026 πάσης
626 2940 866 3025 Ἑλλησπόντου,
877 2921 1079 3015 Ἀθανααίυυ,
1102 2948 1155 3003 τυύ
1170 2939 1322 3022 Σάρδεων,

15 3033 20 3060 '
106 3056 263 3146 ύπιρτίμου
289 3066 345 3126 καί
372 3059 504 3144 ἐξάρχου
530 3064 632 3144 πάσης
659 3058 788 3134 Λυδίας,
815 3058 994 3144 Γρηγορίυυ,
1023 3066 1076 3121 τοῦ
1098 3057 1324 3142 Νικομηδείας,

106 3174 263 3264 ύαιρπίμυυ
289 3183 345 3242 καί
373 3177 504 3262 ίξάρχοο
529 3177 632 3262 πάσης
659 3177 820 3252 Βιθυνίας,
846 3175 1003 3260 Μαξίμου,
1029 3185 1083 3238 τοῦ
1109 3177 1322 3260 Χαλκηδόνος,

106 3293 262 3383 ύπιρτίμυυ
279 3302 339 3362 ,καί
359 3298 510 3380 προέδρου
531 3295 727 3380 Μαρωνείας,
750 3295 939 3380 Θεοδούλυυ,
968 3302 1022 3358 τού
1043 3292 1325 3376 Ἀδριανυοπύλεως

107 3421 156 3480 καί
182 3413 357 3502 ύπερτίμου,
385 3414 545 3494 Ἰγνατίυυ,
580 3424 634 3478 τού
661 3413 834 3498 Μελιτηνῆς
859 3407 1112 3499 καίιύπιρτίμυυ,
1142 3413 1323 3487 Θεοδοσίου,

108 3543 155 3597 τυδ
186 3536 458 3620 Πυντυηρακλείας
490 3538 545 3596 καί
568 3530 740 3616 ύτερπίμυυ,
773 3532 975 3607 Ἰωαννικίυο,
1009 3539 1062 3594 τοῦ
1095 3530 1238 3615 Πρυύυης
1270 3534 1326 3596 καί

108 3648 271 3738 ύτιρτίμου,
293 3655 463 3728 Νικολάου,
486 3661 540 3716 τοῦ
558 3653 671 3736 Πηγῶν
693 3655 747 3715 καί
764 3651 892 3734 Παρίου,
915 3645 1084 3734 ύπιρτίμυυ,
1101 3653 1155 3712 καί
1176 3651 1325 3733 τροίδρυυ

109 3769 209 3849 Γάνοο,
230 3773 478 3860 Κωνσταντίνυυ,
511 3781 565 3836 τού
598 3771 739 3840 Πισιδίας
771 3774 827 3834 καί
860 3765 1324 3856 ύπερτίμου,.Γρηγορίου,,,τού

110 3889 274 3974 Δυρραχίου
304 3898 359 3956 καί
381 3889 553 3974 ύπερτίμου,
580 3889 765 3973 Γρηγυρίυυ,
798 3897 852 3950 τοῦ
874 3885 1050 3971 Μηθύμνης
1074 3890 1130 3978 καί
1150 3883 1324 3974 ύπερτίμυυ,

109 4005 278 4096 Μαλαχίου,
301 4017 357 4076 καί
376 4020 430 4076 τοῦ
454 4009 697 4094 ἁρχιτπισκότυυ
719 4007 847 4091 Δίρκυυ,
870 4004 990 4083 Λουκά,
1011 4011 1325 4092 παρισταμίνωνικαί

111 4131 350 4216 θεοριλιστάτων
373 4133 560 4194 δισπυτικων
584 4128 742 4212 ἀρχόντων
764 4132 793 4204 †.

186 4251 271 4330 †T0·
295 4259 348 4334 τῆς
365 4251 567 4333 δικαιοσύνης
588 4257 695 4332 χρῆμα
717 4257 808 4310 πᾶσιν
830 4242 924 4326 ὅντως
951 4247 1120 4317 λυσιτελός·
1143 4248 1240 4329 ταύτῃ
1264 4249 1324 4328 γὰρ

112 4371 204 4442 τόλεις
237 4365 458 4454 εύνομυύμεναι
490 4373 546 4432 καί
578 4367 737 4450 ἅνθρωποι
768 4376 831 4446 τοῖς
862 4364 943 4436 ἴσοις
977 4369 1100 4449 μίτραις
1137 4353 1325 4447 ἀρκούμενοι

112 4481 302 4573 ῥνθρίίυνται
324 4495 380 4573 μίν
401 4491 475 4571 πρὸς
497 4490 531 4550 τό
554 4489 683 4569 βίλτιυν,
712 4485 865 4569 εἰρηνικόν
892 4485 926 4546 δὲ
955 4488 1009 4547 καί
1037 4481 1245 4547 ἀστασίαστον
1271 4484 1324 4546 τόν
