3258 5282
306 272 369 334 354

209 477 213 485 ·
308 455 362 538 την
384 454 526 536 τοιαύτην
548 452 717 526 διάστασιν,
740 455 969 535 κοινωσάμενος
992 455 1030 514 τὰ
1051 455 1119 534 περὶ
1145 451 1252 512 τούτοο
1274 454 1360 534 πάσῃ
1389 463 1427 535 τῇ
1449 451 1531 536 ⁶1²¹}-

309 573 392 654 ηύρει
413 574 467 633 καὶ
490 567 674 654 ἀδελφότητι
697 566 782 651 ἡμῶν
805 579 863 632 τῦν
886 568 1062 654 ἁρχιτρίων,
1085 569 1146 652 ἤδη
1168 569 1222 652 τήν
1244 572 1389 652 τοιαύτην
1410 574 1533 654 προμη-

308 692 408 765 θειαν,
431 686 473 760 ύς
489 687 609 751 ἄνωθεν
624 691 678 750 καί
693 687 729 750 ἐκ
746 691 823 751 θεοῦ
839 691 1124 774 καταπτμρθεῐοαν,
1141 693 1357 774 σορρίροοσαν
1373 689 1430 753 καὶ
1444 711 1534 752 κοιν-

308 810 411 896 αρελη
435 807 512 892 ύροῦ
535 813 705 891 κρίναντες,
733 810 1010 894 σομψηριζύμεθα,
1038 812 1091 870 καί
1117 805 1156 870 δι’
1176 807 1299 870 οἰκείων
1327 819 1457 891 γνωμῶν
1478 807 1538 870 καὶ
1613 761 1616 920 1

310 927 518 1010 οίκειοχείρων
547 923 728 1010 ύπογραριῦν
760 933 912 1008 κορούρεν
943 923 999 988 καὶ
1030 927 1212 1008 βεβαιοῦμεν
1239 923 1380 1009 ἀορίνως
1414 948 1448 988 τε
1480 931 1540 988 καί

309 1043 368 1130 ὅλη
390 1047 533 1108 διαθέοει
554 1047 607 1106 καί
628 1046 786 1127 προθυμία
808 1049 918 1130 ψυχῆς,
944 1049 999 1106 καί
1021 1041 1090 1108 ὅσοι
1118 1044 1260 1128 δηλονύτι
1286 1042 1338 1130 ἀρ’
1363 1041 1455 1128 ἡραῦν
1477 1055 1540 1107 τῶν

310 1171 364 1247 της
386 1162 470 1246 ἱεράς
493 1163 621 1225 σονύδοο
643 1163 696 1224 διὰ
717 1164 771 1245 τήν
794 1165 1010 1246 ίπιγενορίνην
1032 1158 1174 1246 είςημάς
1190 1162 1318 1226 ἀπὸτοῦ
1334 1171 1446 1245 καιροῦ
1463 1185 1540 1226 στε-

310 1287 460 1364 νοχωρίαν
483 1285 537 1343 καί
560 1279 677 1342 δνδιιαν
700 1277 757 1343 οὐκ
778 1280 927 1364 ίσχύομεν
949 1279 1167 1364 ἀκολουθῆσαι
1188 1285 1269 1344 κατά
1297 1284 1331 1344 τά
1360 1279 1434 1365 ὅπερ
1458 1281 1543 1365 ἔχο-

312 1419 367 1480 ριεν
389 1402 482 1480 χρέος
505 1395 588 1479 αύτῷ
611 1399 650 1481 δὴ
674 1400 714 1481 τῷ
735 1401 956 1481 παναηιωτάτερ
977 1395 1064 1481 ἡμῶν
1086 1400 1234 1481 δεσπύτη,
1262 1401 1304 1482 τῷ
1329 1398 1544 1482 ὀὶκοορενικῷ

310 1521 496 1602 πατριάρχη,
515 1519 570 1578 καί
591 1519 756 1599 οτίρηοριεν
779 1528 877 1600 κοινη,
901 1512 974 1579 ὅσον
997 1514 1034 1579 ἂν
1049 1519 1102 1580 διὰ
1121 1519 1174 1601 την
1190 1518 1361 1603 κοινωρελη
1376 1517 1543 1602 είρηναίαν

311 1637 424 1719 ταύτην
446 1635 500 1696 σύν
523 1633 588 1716 θεῷ
611 1638 801 1698 κατάστασιν
825 1634 928 1718 ἰσχύει
953 1638 1007 1698 καί
1033 1636 1231 1718 διαπράξεται
1260 1634 1276 1700 ύ
1302 1641 1544 1713 παναηιύτατος

311 1751 396 1838 ἡμῶν
419 1753 578 1835 δεσπότης,
601 1750 618 1815 ὁ
641 1751 852 1835 οἷκονρενικύς
874 1758 1076 1837 πατριάρχης,
1099 1752 1204 1838 λπειδη
1220 1757 1309 1817 τοῦτδ
1325 1753 1390 1818 ἔστι
1410 1760 1470 1817 καί
1494 1755 1545 1826 εὶς

312 1871 475 1952 άρίοκειαν
498 1878 550 1931 τοῦ
573 1872 652 1933 θεοῦ
673 1875 728 1933 καί
750 1869 795 1941 είς
817 1871 870 1954 την
893 1879 951 1933 τῶν
974 1867 1221 1956 ύπολειρθίντων
1246 1869 1366 1936 ἀθλίων
1391 1893 1543 1956 χριστια-

312 1999 370 2051 νῦν
392 1990 537 2052 σύστασιν
559 1987 614 2050 καὶ
637 1987 808 2074 ἀσφάλειαν
831 1993 915 2072 δοχη
938 1993 991 2052 καί
1013 1993 1132 2073 σάματι
1153 1993 1183 2068 †.

398 2110 416 2182 †
462 2103 707 2191 Ὺπεηράρη
749 2106 796 2168 δύ
841 2105 1164 2190 οὶκειοχείρεες
1206 2112 1321 2190 παρὰ
1362 2112 1545 2172 πάντων

313 2233 391 2286 των
420 2225 635 2286 τοιούτων
670 2227 920 2308 αρχιερίων
947 2227 992 2287 τύ
1018 2227 1223 2310 περρθίν
1254 2230 1368 2288 κατὰ
1393 2229 1545 2290 πάντα

314 2343 542 2427 ίηηραρον
578 2351 653 2425 της
693 2341 923 2426 ἀναροράς
958 2343 1057 2406 ἴσον
1097 2346 1205 2427 πρὸς
1241 2347 1312 2409 τύν
1349 2365 1543 2426 κραται-Δ

314 2463 358 2524 δν
395 2467 471 2526 καί
513 2459 643 2537 άτιον
687 2459 805 2545 ἡμῶν
844 2457 1071 2546 αύθίντην
1113 2461 1189 2525 καί
1229 2464 1424 2544 βασιλία
1465 2467 1545 2526 τάν

315 2579 698 2666 Καντακοοίηνύν
731 2585 760 2658 †.

773 2765 870 2830 chx.
893 2765 968 2830 Sine
986 2787 1075 2829 anno.

561 2905 732 2961 Ραίείιιιπίια
752 2909 822 2960 iube!
841 2919 906 2960 aeta
925 2911 1022 2960 iterum
1042 2911 1128 2961 codici
1147 2908 1288 2962 mandari.

401 3059 420 3131 †
442 3051 564 3134 Ἐπειδὴ
586 3055 807 3136 παραχωρήσει
828 3055 908 3114 θεοῦ
930 3055 982 3115 διὰ
1003 3055 1126 3134 πλῆθος
1148 3049 1304 3136 ἁμαρτιῶν
1326 3054 1449 3136 οονίβη,
1472 3049 1545 3137 ἥτις

317 3175 355 3256 δὴ
371 3177 424 3234 καί
439 3173 562 3254 συνίβη,
584 3172 745 3243 διάστασις
766 3175 911 3256 πρότερον
934 3172 1045 3253 μεταξύ
1068 3181 1126 3233 τῶν
1149 3171 1309 3251 βασύιίων,
1325 3175 1379 3233 καί
1394 3180 1449 3255 της
1464 3172 1545 3234 δοσ-

317 3297 439 3376 χερείας
467 3289 522 3353 καὶ
548 3288 772 3374 λναντιύτητος,
804 3289 846 3362 ύς
878 3293 919 3373 μή
952 3287 1083 3375 ὤφελεν,
1114 3291 1352 3372 λπικρατούοηςς
1374 3287 1545 3370 ίπιβούλεες

320 3416 375 3495 μίν
403 3417 457 3472 καί
489 3409 605 3479 ἀδίκως
635 3408 820 3491 ἀπεδιύχθη
850 3408 866 3470 ύ
897 3410 1043 3490 κραταιύς
1072 3411 1126 3468 καί
1157 3404 1244 3482 ἅγιος
1273 3402 1359 3489 ἡμῶν
1390 3403 1546 3490 αύθίντης

320 3525 375 3590 καί
398 3527 553 3607 βασιλεύς,
576 3535 633 3609 κῦρ
655 3525 795 3609 Ἰωάννης
818 3523 835 3587 δ
857 3523 1087 3602 Παλαιολύγος,
1116 3521 1176 3586 άπύ
1200 3531 1254 3606 της
1279 3533 1466 3607 προγονικῆς
1488 3527 1545 3586 καί

321 3653 469 3728 πατρικῆς
499 3642 592 3707 αὐτοῦ
623 3642 741 3728 ἀρχῆς,
779 3641 796 3706 δ
827 3646 952 3726 γνήσιος
983 3643 1103 3725 δηλαδη
1137 3647 1192 3703 καί
1228 3643 1356 3726 ροσικύς
1388 3642 1546 3724 κληρονό-

324 3783 380 3845 μος
403 3769 456 3846 της
484 3761 519 3823 ἐκ
553 3763 630 3824 θεοῦ
664 3761 822 3842 βασιλείας
856 3771 913 3824 των
939 3759 1112 3841 Ῥωμαίων,
1147 3757 1362 3842 ύπερίηλύοας
1396 3761 1430 3821 δὲ
1463 3762 1547 3822 κατὰ

322 3881 373 3942 τύν
395 3880 514 3940 δίκαιον
537 3884 590 3941 καί
613 3879 720 3964 ἀληθῆ
743 3880 835 3955 λύγον
858 3883 911 3941 καί
935 3883 989 3948 τὰς
1012 3882 1177 3948 κανονικῦις
1200 3877 1255 3939 καὶ
1283 3881 1411 3958 νομικὰς
1433 3879 1546 3940 διατά·

324 4002 384 4072 Εεις
406 3997 422 4060 ύ
443 4003 674 4074 παναηιύτατος
694 3995 780 4082 ἡμῶν
802 3999 964 4080 δεσπότης,
987 3995 1004 4060 ύ
1027 3995 1238 4078 οίκοορσνικύς
1258 3999 1466 4080 πατριάρχης,
1488 4005 1549 4078 κῦρ

325 4117 513 4191 Κάλλιστος,
542 4118 666 4200 θεύοθη
690 4121 743 4201 ριίν
771 4118 823 4179 διὰ
849 4123 938 4178 τούτο
966 4125 1019 4179 τοῦ
1045 4125 1269 4198 πατριαρχικοῦ
1300 4109 1394 4177 αύτοῦ
1420 4116 1547 4196 θρύνοο,

327 4235 441 4305 ἀδίκως
465 4231 622 4317 ύπερύριος
644 4237 787 4312 ητηονιθς,
811 4233 1005 4318 ἀντεισηχθη
1027 4234 1077 4307 δῦ,
1101 4231 1143 4304 ὣς
1167 4231 1284 4308 ἔδοξεν,
1312 4231 1329 4296 ύ
1352 4237 1549 4316 χρηματίσας

327 4365 384 4436 κῦρ
406 4353 574 4427 Φιλοθεος,
598 4351 663 4416 εἶτα
686 4349 812 4434 ιύδοκίη
834 4361 887 4416 τοῦ
908 4355 1094 4430 παναηάθοο
1116 4355 1194 4414 θεοῦ
1221 4351 1401 4421 δικαιωθείς
1429 4349 1549 4433 ύκρα-

329 4475 413 4542 ταιῦς
436 4477 488 4534 καί
513 4469 600 4548 ἅγιος
622 4469 707 4554 ἡμῶν
730 4467 882 4556 αύθίντης
904 4470 958 4534 καὶ
985 4471 1129 4552 βασιλεύς
1156 4473 1208 4534 διὰ
1235 4473 1389 4552 ρεοιτείας
1417 4473 1472 4532 καί
1494 4469 1551 4534 άν-
