3258 5282
1238 331 1300 392 40³

80 519 154 578 γνοο
175 504 342 580 θεοτίκοο,
363 507 417 566 καί
442 501 502 588 οὑχ
523 501 598 588 ὑπίρ
619 508 716 592 φῦσιν.
738 508 821 586 λίγει
843 511 877 570 τὸ
898 505 1121 592 ἡτοιμασμένον
1144 509 1297 587 ἄκτιστυν,

78 625 134 683 καί
156 620 304 691 ίντεῦθεν
325 623 448 696 δοξάζει
468 628 524 686 καί
545 627 579 688 τῦ
600 622 824 709 ἡτοιμασμίνυν
847 625 888 709 τῷ
909 627 1044 710 διαβόλῳ
1064 635 1122 710 πῦρ
1144 627 1298 692 ἄκτιστσν.

78 741 164 818 λίγει
190 742 312 814 πολλὰς
337 737 518 814 ὑποστάσεις
544 748 599 806 καί
626 745 790 830 διαφόρους
817 745 961 826 δυνάμεις
990 749 1045 807 καί
1070 743 1223 827 ίνεργείας
1250 745 1300 812 δαί

78 861 168 932 θεοῦ,
191 867 285 921 τοῦτο
307 859 342 922 δὲ
365 856 463 930 οὑδιίς
486 858 652 944 ἐτόλμησεν
675 861 766 924 ιὶιτεῖν
789 867 879 945 μάχρι
900 863 952 945 τήν
976 865 1120 944 σήμερον,
1140 875 1218 945 τρεῖς
1240 867 1300 946 γὰρ

78 973 267 1048 ὑποστάσεις
288 973 448 1061 ὁμολογεῖν
474 977 644 1062 ὑρισμίνας
665 982 877 1063 παρελάβομεν
903 979 952 1044 ἐπὶ
977 990 1030 1064 τής
1053 979 1145 1058 άγίοις
1167 983 1298 1064 τριάδος,

79 1099 135 1156 καί
158 1089 195 1157 οὑ
219 1095 348 1172 πολλάς,
371 1100 456 1178 τριὰς
478 1099 547 1180 γὰρ,
569 1102 659 1183 ρησίν
681 1096 698 1161 ὑ
719 1100 805 1168 θεῖος
819 1102 874 1162 καί
895 1102 992 1180 μίγας
1006 1097 1154 1180 Μάξιμος,
1177 1073 1257 1162 ἐστίν
1279 1096 1299 1184 ἡ

78 1216 188 1294 μονάς,
212 1217 269 1275 καί
289 1210 325 1276 οὑ
346 1215 479 1298 πλῆθος.
501 1217 585 1292 λίγει
606 1219 641 1278 τδ
662 1213 769 1303 φῦναί
790 1233 881 1302 φησιν
907 1213 924 1278 ὑ
951 1218 1102 1292 θείλογος
1123 1215 1300 1301 Γρηγὺριος,

78 1340 142 1414 μῦς
164 1331 202 1393 δῦ
226 1331 308 1408 λίγω
329 1335 364 1394 τὺ
386 1331 417 1395 δν
438 1337 528 1417 πατρί
550 1338 604 1398 καί
625 1333 678 1416 υἱῷ
700 1339 755 1398 καί
777 1331 855 1416 ἁγίῳ
876 1336 1022 1417 πνεύματι
1040 1337 1251 1417 θεωρούμενον
1266 1336 1302 1398 τδ
1370 1335 1372 1341 ‘

76 1445 243 1533 ὑφειμένον
265 1454 320 1512 καί
343 1447 483 1514 δνοίσιον
505 1450 582 1514 εἶναι
601 1457 656 1516 καί
670 1451 876 1516 ἀνυπόστατον
898 1457 952 1515 καί
977 1463 1162 1535 σωματικοῖς
1177 1451 1302 1536 δρθαλ-

79 1577 147 1647 μοῖς
169 1563 295 1650 ὁρατόν.
318 1569 403 1646 λίγει
425 1571 459 1632 τὺ
482 1568 513 1632 ἐν
536 1581 573 1653 τη
596 1571 679 1652 βάτῳ
701 1568 743 1652 τῷ
763 1569 868 1634 Μωσεῖ
888 1567 1003 1652 ὑραθὲν
1030 1577 1089 1652 πῦρ
1109 1573 1164 1632 καί
1185 1571 1219 1632 τῦ
1245 1567 1303 1651 άρ-

77 1687 182 1759 τάγαν
205 1687 260 1747 τὺν
281 1683 385 1750 Ἠλίαν
406 1688 527 1768 πῦρινον
549 1684 634 1768 ἅρμα
656 1685 818 1760 ἀκτίστους
840 1687 936 1758 θεοὺς
957 1691 1012 1750 καί
1037 1689 1200 1770 θεότητος,
1230 1683 1305 1750 ὅθεν

78 1805 132 1862 καί
152 1803 399 1884 τυρσυλατρείσν
421 1805 598 1886 δογματίζει
619 1809 673 1866 καί
693 1802 802 1875 ἵππους
823 1805 928 1877 θεοὺς.
950 1809 1004 1867 καί
1029 1813 1125 1867 ταῦτα
1140 1809 1196 1887 μίν
1211 1800 1306 1876 οὑτως

80 1919 156 2002 ἔχει.
181 1917 364 2003 ἐγράψαμεν
386 1922 421 1982 δῦ
441 1925 496 1983 καί
518 1923 619 2004 (πρὸς)
641 1917 720 2003 ὑμῦίς
747 1929 842 1984 ταῦτα
867 1924 943 2004 πρὸς
968 1925 1003 1984 τὸ
1028 1923 1148 2006 ιρεὺγιιν
1177 1920 1213 1984 ὲκ
1235 1923 1306 1992 τοὺς

80 2040 117 2099 τὰ
138 2045 273 2123 τοιαῦτα
294 2048 491 2122 φρονοῦντας.
515 2036 672 2116 ἀνάγνωθι
694 2040 728 2102 δὲ
751 2049 847 2102 ταῦτα
868 2041 1017 2120 καὶπρὸς
1042 2039 1112 2108 τοὺς
1138 2037 1227 2120 ἱερεῖς
1249 2042 1304 2100 καί

79 2153 115 2226 ἂς
145 2159 333 2238 πρυσίχουν,
366 2153 439 2221 ὅσον
461 2157 618 2232 δύνανται,
651 2154 687 2220 ἐκ
715 2167 770 2240 τής
795 2161 957 2228 κοινωνίας
982 2165 1039 2216 των
1062 2152 1301 2238 Παλαμιτιῦν.ἡ

78 2277 167 2355 χάρις
190 2281 247 2336 τοῦ
269 2279 375 2356 κυρίου
395 2271 482 2357 ἡμῶν
503 2273 603 2357 Ἰησοῦ
624 2273 756 2356 Χριστοῦ
779 2273 826 2358 εἵη
850 2277 926 2356 μετά
952 2293 1008 2336 σου
1029 2275 1059 2349 †.

162 2389 300 2470 ’[Κᾶγὺ
316 2389 333 2454 ὑ
349 2388 471 2475 ίντελής
486 2397 539 2455 καί
555 2390 718 2475 ίλάχιστος
730 2390 849 2477 Ἰωσήφ,
865 2395 948 2474 τάχα
963 2391 998 2452 δὲ
1013 2395 1067 2453 καί
1082 2393 1228 2472 μοναχὺς,
1245 2411 1302 2474 μι-

81 2512 203 2580 τάνυιος
218 2515 302 2591 νίμω
317 2511 368 2573 τδν
382 2511 485 2592 κὺριον
497 2509 663 2586 Νικόλαον,
679 2513 731 2573 τὸν
746 2510 978 2594 χαρτορὺλακα,
993 2512 1048 2571 καί
1062 2512 1100 2570 νὰ
1116 2509 1150 2570 τὺ
1166 2507 1303 2590 ὲξεὺρης,

82 2623 126 2688 ὑτι
140 2623 240 2710 ἡμεῖς,
257 2628 368 2698 καθὼς
383 2625 517 2710 εἴπομεν,
539 2629 617 2690 θεοῦ
633 2624 842 2701 εὐδοκοῦντος,
862 2626 1013 2709 μέλλομεν
1028 2632 1081 2687 τοῦ
1098 2623 1242 2688 ἀπελθεῖν
1259 2623 1303 2694 τίς

81 2744 131 2827 τήν
152 2743 491 2820 Κωνσταντινοῦπολιν,
514 2749 568 2807 καὶ
590 2745 643 2808 ἐὰν
666 2740 800 2828 ιὺρωμεν
822 2747 876 2828 τήν
898 2743 1066 2828 ἐκκλησίαν
1090 2741 1304 2824 ιίρηνεῦοιισοιν

83 2865 135 2924 καί
150 2859 400 2944 δρθυτομοῦσαν,
417 2863 569 2945 μέλλομεν
584 2865 638 2924 καὶ
651 2857 738 2944 ἡμεῖς
753 2871 806 2924 τοῦ
819 2861 896 2924 εἶναι
911 2860 954 2930 τίς
969 2863 1003 2923 τδ
1019 2864 1122 2943 μέσον,
1138 2858 1165 2920 εὶ
1179 2858 1214 2920 δὲ
1226 2857 1304 2920 ἴδιο-

82 2998 134 3059 μεν
157 2978 264 3048 άλλως
284 2997 358 3053 τως,
381 2980 518 3062 θίλομιν
539 2981 738 3050 καθίζεσθαι
753 2982 932 3060 καταμόνας
954 2977 996 3048 είς
1019 2977 1050 3040 ἓν
1073 2985 1131 3038 τοῖν
1147 2994 1304 3057 μυναστη-

83 3101 163 3176 μίαν·
197 3092 287 3178 ὑμεῖς
315 3097 350 3158 δὲ
374 3097 499 3176 βλίπττε
525 3095 652 3168 ὑαοτοὺς
679 3095 716 3158 ἐκ
742 3105 794 3158 τοῦ
822 3099 972 3158 κακίστου
998 3096 1105 3157 τοῦτου
1137 3095 1302 3176 δόγματος,

82 3210 126 3276 ὅτι
147 3215 203 3298 τήν
225 3217 361 3296 σήμερον
382 3209 500 3295 ἡμέραν
521 3210 541 3296 ἡ
565 3212 718 3296 ἐκκλησία
739 3217 793 3276 καὶ
815 3211 844 3274 οἱ
866 3211 1018 3294 ἀρχιερεῖς
1041 3211 1085 3280 τίς
1104 3209 1178 3274 αὐτὰ
1195 3214 1302 3292 μίνυυν

81 3335 132 3393 καί
153 3329 242 3392 εἶναι.
266 3327 442 3413 ήκυὺσοιμτν
459 3330 503 3403 δὲ,
526 3327 573 3391 ὑτι
595 3329 624 3392 οἱ
639 3334 771 3406 γείτονες
788 3351 844 3398 σας
867 3329 958 3403 εἶτον,
981 3332 1018 3390 νὰ
1041 3327 1170 3410 ἐπάροον
1191 3348 1302 3409 μιαρο-

82 3449 215 3533 τολίτην,
246 3451 302 3510 καί
328 3445 382 3509 ἐὰν
404 3448 483 3528 τῦχη
505 3451 561 3508 καὶ
583 3445 680 3528 ἔλθη,
707 3447 848 3526 βλέπετε,
872 3446 913 3526 μή
936 3448 1093 3528 χρανθητε
1119 3453 1173 3526 τῆς
1203 3441 1301 3505 αὑτῶν

83 3569 250 3638 κοινωνίας,
273 3561 328 3626 καὶ
349 3561 402 3626 ἰὰν
424 3562 501 3644 λὲγη
524 3583 578 3636 τις,
602 3561 704 3625 εἴποιτε
724 3564 798 3644 πρὸς
821 3557 926 3624 αὐτὸν·
950 3557 1036 3644 ἡμεῖς
1059 3558 1147 3629 ἐκτδς
1167 3567 1221 3621 τοῦ
1238 3581 1300 3642 μη-

83 3685 261 3764 τροπολίτου
282 3677 367 3763 ἡμῶν
390 3687 441 3740 τοῦ
465 3683 589 3761 γνησίου
612 3677 795 3741 ἄλλοντινὰ
818 3677 905 3740 οὐδὲν
925 3675 1128 3759 ἐπιστάμεθα,
1152 3673 1223 3738 οὐδὲ
1246 3677 1299 3738 δε-

83 3803 217 3882 χῦμεθα.
242 3799 375 3876 γνωστὸν
398 3795 476 3858 ίστω
498 3798 551 3856 καί
573 3804 660 3856 τοῦτο
675 3799 750 3876 πρὸς
765 3791 853 3876 ὑμᾶς,
877 3791 923 3856 ὅτι
942 3798 993 3856 τὸν
1007 3802 1064 3876 κιῖρ
1081 3793 1204 3874 Σάββαν
1220 3791 1298 3856 ἀπτ-

84 3917 270 4000 λογιάσαμεν
292 3918 343 3978 τὺν
365 3913 402 3976 ἔκ
422 3923 480 3976 τῶν
500 3913 700 3975 δικαιοτάτων
715 3922 768 3996 της
782 3913 899 3982 πόλεως
922 3913 974 3974 διὰ
994 3915 1048 3980 τὰς
1068 3911 1177 3984 αίτίας,
1201 3908 1299 3992 ἅσπερ

85 4033 182 4097 οἴδατε
196 4031 294 4118 ὑμεῖς.
311 4034 445 4118 ρεῦγετε,
460 4031 595 4114 ρεὺγετε,
612 4025 683 4090 ὑσον
699 4030 843 4103 δύνασθε,
862 4027 897 4089 ἐκ
913 4029 981 4098 τοὺς
997 4027 1187 4110 Παλαμίτας.
1204 4026 1298 4111 ἐμέλ-

85 4151 170 4233 λομεν
192 4161 246 4216 τοῦ
269 4155 385 4234 γράψαι
406 4152 460 4210 ναί
481 4149 555 4229 πρὸς
577 4149 627 4208 τὸν
649 4149 851 4229 πνευματικὸν
867 4145 930 4207 υἰὺν
945 4142 1040 4228 ἡμῶν,
1063 4154 1120 4226 κῦρ
1137 4143 1296 4227 Μανουήλ,

86 4271 131 4330 τὺν
162 4269 348 4352 οἰκονόμον,
386 4270 437 4329 τὸν
471 4263 602 4348 ἀδελφὸν
632 4271 685 4344 τῆς
712 4273 769 4347 σῆς
795 4261 1004 4345 ἀντιλήψεως,
1042 4265 1095 4323 καί
1125 4261 1295 4345 ἐμάθομεν,

87 4381 128 4448 δτι
147 4389 254 4452 λείπει.
278 4381 352 4447 ὑταν
374 4385 408 4445 δὲ
433 4382 525 4463 ἔλθη,
549 4381 585 4443 αὑ
608 4375 699 4442 αὑτὸν
722 4379 762 4450 ὑις
786 4377 817 4452 ἐξ
838 4377 923 4464 ἡμκῦν
946 4385 1122 4462 χαιρίτισον
1145 4385 1174 4456 ἡ.

162 4509 181 4582 †
214 4503 248 4566 Ὀ
282 4501 493 4581 Ἰωάννης.
610 4581 762 4594 mm

1039 4595 1105 4649 λθ*
