3258 5282
319 293 381 354 4⁰6

318 473 505 558 όρθοδόξους
520 473 657 547 διθεΐτας
671 479 726 540 καί
739 477 922 551 πολοθέυυς,
940 475 993 558 τὴν
1009 481 1061 536 τοῦ
1076 475 1153 538 θεοῦ
1168 472 1339 556 έκκλησίαν
1352 469 1528 553 διαβάλλει,

317 589 359 664 όις
374 600 469 656 ταῦτα
484 601 663 678 φρονοῦσαν,
678 597 733 656 καί
744 591 957 676 έδακρῦσαμεν
971 595 1010 656 τό
1021 595 1159 676 μέγιστα,
1174 595 1315 669 γίνωσκε,
1330 591 1385 652 καί
1398 584 1529 672 ἠνιάθη

317 729 372 792 μεν
395 708 442 774 έπί
463 721 502 795 τη
524 721 565 794 ση
585 712 687 794 πλόνη
709 715 763 774 καί
784 709 974 796 παραρθορᾷ
998 720 1056 772 τῦν
1078 707 1250 792 δρθοδόξειν
1273 709 1453 791 δογμάτων,
1484 713 1531 767 τοι

317 825 349 891 έν
371 830 509 912 θαύματι
529 807 756 914 ἀπυιησόμεθα,
778 839 841 900 πός
864 825 959 900 ούτας
981 825 1206 910 ἀπερισκέπτως
1227 837 1282 912 της
1303 834 1357 890 τυό
1378 827 1459 887 θεοῦ
1481 825 1531 885 έκ·
1585 878 1589 886 .

315 946 448 1030 πλησίας
469 951 685 1030 κατατρέχεις,
710 948 803 1030 μέλος
825 951 879 1009 καί
908 943 1069 1030 ἀρχιερεύς
1096 948 1291 1028 λογιζόμενος
1318 945 1448 1027 ταύτης,
1470 945 1532 1024 πρίν

315 1062 336 1147 ἢ
359 1073 470 1139 γνῶναι
492 1069 530 1128 τό
552 1063 759 1148 έπισυμβόντα
776 1069 831 1128 καί
845 1064 1088 1150 έπειυφρησαντα
1106 1064 1238 1148 δυσσεβῆ
1261 1063 1403 1145 δόγματα
1426 1059 1471 1130 εἰς
1485 1061 1533 1140 τὴν

315 1191 369 1245 τοῦ
392 1185 469 1245 θεοῦ
496 1181 664 1266 ἐκκλησίαν
685 1187 769 1266 παρὰ
795 1191 848 1246 τοῦ
869 1183 1044 1264 Καλαβρυῦ-
1063 1185 1117 1244 καί
1143 1181 1359 1266 λατινόρρυνυς
1381 1177 1535 1262 Βαρλαδμ

316 1299 434 1362 έκιίνου
456 1305 511 1364 καί
535 1309 589 1364 τοῦ
615 1301 680 1385 μετ’
706 1300 825 1366 έκιίνου
850 1305 889 1364 τὰ
916 1301 1036 1364 έκτίνου
1062 1300 1262 1369 διδάσκοντος
1283 1297 1476 1372 ’ἀκινδύνου
1492 1296 1534 1359 έτι

314 1415 349 1480 δδ
372 1421 427 1481 καί
447 1427 506 1482 τόν
526 1423 775 1501 πιρισυζομένυν
797 1416 975 1504 όμορρόνυιν
998 1415 1114 1494 αότοίς,
1148 1416 1212 1480 έδει
1239 1437 1274 1479 σε
1299 1419 1358 1500 γὰρ
1378 1419 1535 1499 πρότερον,

316 1534 530 1618 ἀρχιιρατικδν
552 1537 808 1620 περιβιβλημένυν
831 1535 958 1620 ἀξίωμα,
982 1533 1115 1619 ἀκριβῶς
1130 1536 1326 1617 καταμαθεῖν
1344 1538 1401 1596 καί
1414 1543 1536 1610 γνῶναι,

315 1649 397 1723 ύπυς
417 1649 592 1736 ἠγωνίσατο
613 1651 634 1737 ἡ
661 1651 736 1730 ύγία
763 1663 816 1717 τοῦ
839 1653 972 1737 Χριστοῦ
997 1653 1156 1736 καθυλικη
1183 1655 1239 1714 καί
1264 1649 1458 1732 ἀποστολικὴ
1485 1647 1537 1709 έκ-

314 1769 430 1854 κλησία
461 1774 544 1834 κατὰ
580 1781 634 1856 τῆς
662 1771 830 1852 δυσσεβοῦς
859 1775 971 1858 ταύτης
1001 1770 1155 1854 αἱρέσεως,
1186 1779 1241 1855 της
1272 1767 1453 1851 ἀθετοόσης
1485 1769 1539 1828 καί

317 1887 561 1972 βλασφημοόσης
586 1890 668 1950 κατὰ
694 1896 748 1952 τοῦ
774 1891 873 1975 φατὸς
899 1898 953 1974 της
979 1897 1033 1952 τυῦ
1059 1891 1165 1972 κυρίου
1192 1888 1460 1972 μεταμορφώσεις
1486 1885 1539 1946 καί
1607 1942 1608 1980 5

317 2013 370 2088 τῆς
392 2013 498 2089 κοινῆς
518 2007 572 2068 καί
593 1999 759 2078 υύσιεόδους
781 2004 936 2089 ένεργιίας
950 2015 1004 2090 τῆς
1026 2007 1265 2090 τρισυποστιίτσυ
1278 2006 1440 2088 θεότητος,
1460 2000 1539 2064 ἀνα·
1608 2026 1609 2060 ι

316 2124 485 2206 τρεπούσης
505 2122 668 2206 προδήλοις
689 2123 743 2206 τὴν
765 2126 855 2188 θείαν
877 2129 932 2188 καί
958 2123 1171 2206 οίκουμενικήν
1195 2119 1288 2204 έκτην
1314 2120 1458 2194 σύνοδον,
1486 2120 1539 2180 καί

317 2235 397 2310 ὅπως
420 2237 550 2323 ίεηλασε
572 2239 625 2302 όιά
646 2249 743 2303 ταῦτα
764 2247 818 2303 τυύ
839 2250 897 2304 τόν
920 2238 1095 2322 όρθοδύξιυν
1115 2241 1319 2324 πληρώματος
1333 2241 1452 2308 πάντας
1469 2236 1539 2306 τούς

315 2359 574 2440 προστιθεμένους
606 2367 644 2441 τη
669 2358 831 2441 κακοδόειρ
857 2359 952 2440 ταότρ
985 2367 1043 2420 τόν
1071 2355 1230 2439 αίρετικῦν
1258 2359 1358 2440 μσίρα,
1391 2359 1447 2418 καί
1471 2357 1540 2416 τότε

317 2478 441 2560 γράφειν
463 2479 518 2538 καί
540 2472 779 2559 ύαομιμνησκιιν
802 2479 879 2559 μετὰ
900 2483 954 2539 τοῦ
975 2477 1185 2558 προσήκοντος
1202 2475 1277 2556 πρός
1298 2474 1352 2556 την
1374 2475 1470 2538 θείαν
1485 2475 1540 2536 καί

317 2591 400 2675 ίεράν
417 2595 553 2670 σύνοδον,
569 2598 638 2676 πιρί
653 2591 694 2656 ύν
711 2594 871 2664 έδίσταίες
889 2593 976 2663 ἴσως·
1001 2593 1038 2656 σύ
1053 2595 1088 2656 δέ
1111 2591 1144 2664 έξ
1165 2591 1330 2668 ἀλογίστου
1343 2592 1541 2675 θρασύτητος

316 2709 517 2793 έμπέπτυκας
543 2709 721 2792 ἀπρυόττως
748 2709 791 2780 είς
813 2712 864 2772 τόν
886 2717 940 2794 τῆς
966 2709 1111 2792 αἱρέσεως
1138 2711 1267 2791 βόθρον,
1294 2711 1369 2792 μήτε
1396 2709 1539 2786 ἀλέγειν

318 2827 418 2906 εἶδός,
445 2830 521 2912 μήτε
541 2831 610 2910 περί
637 2825 678 2890 ὧν
704 2828 851 2909 διατιίνη.
874 2830 928 2888 καί
949 2827 1001 2888 διὰ
1024 2835 1112 2889 τοῦτο
1135 2825 1240 2911 έχρην,
1263 2827 1461 2910 γρησαμένης
1486 2837 1539 2910 της

314 2967 347 3008 τε
369 2941 455 3030 ἡμῶν
481 2948 675 3028 μετριότητος
701 2941 755 3006 καὶ
781 2952 835 3026 τῆς
861 2945 953 3014 θείας
979 2947 1033 3006 καί
1060 2942 1142 3026 ἱερᾶς
1168 2945 1297 3008 συνόδου
1322 2956 1360 3030 τη
1385 2954 1538 3026 κανονικῇ

316 3064 468 3146 ἀκριβιία,
490 3073 640 3144 κανονικη
656 3063 710 3122 καί
723 3065 852 3143 νομίμιρ,
868 3061 979 3142 ένδίκιρ
998 3060 1033 3124 δέ
1055 3062 1284 3144 καθυποβσλείν
1307 3059 1460 3146 αόστηρία
1482 3066 1539 3126 καί

317 3179 439 3252 διδάξαι
472 3177 583 3262 έργυις,
619 3179 660 3262 μή
685 3173 758 3259 ύπέρ
780 3181 818 3240 τὰ
845 3175 1026 3261 έσκαμμένα
1051 3184 1134 3243 κατὰ
1159 3181 1212 3263 την
1233 3184 1400 3262 παροιμίαν
1422 3181 1536 3264 πηδᾶν.

315 3296 380 3361 έπεί
402 3300 436 3360 δέ
460 3295 509 3360 ἀεὶ
529 3293 550 3380 ἡ
572 3306 630 3358 τιῦν
653 3291 788 3375 εύσεβιῦν
811 3292 968 3378 ὁμήγυρις,
984 3296 1036 3359 διὰ
1057 3307 1112 3381 της
1134 3305 1188 3360 τοῦ
1203 3297 1334 3380 Χριστοῦ
1357 3300 1484 3379 χάριτος
1501 3301 1537 3360 τύ

314 3416 558 3500 φιλανθρόπινον
580 3417 668 3476 παντί
689 3415 789 3494 τρόπῳ
810 3418 1094 3498 πραγματευομένη,
1119 3418 1373 3496 συγκαταβαίνειν
1389 3415 1454 3478 υίδε
1469 3429 1536 3487 ταῖς

313 3543 370 3596 τόν
392 3533 512 3596 πολλῶν
533 3531 720 3603 ἀσθενείαις,
744 3532 973 3610 συγκαταβσίσει
986 3533 1085 3617 πολλῇ
1101 3539 1291 3619 χρησαμένη,
1306 3530 1395 3616 καὶὴ
1411 3539 1537 3616 μετριό-

312 3671 368 3734 της
389 3646 475 3735 ἡμῶν
498 3650 543 3713 ίτι
566 3671 601 3713 σι
626 3653 681 3712 καί
708 3647 854 3731 ἀρχιερέα
881 3646 1040 3725 ἀποκαλεῖ,
1066 3655 1120 3713 καί
1146 3649 1187 3723 ὣς
1214 3653 1307 3754 μέλος
1333 3661 1387 3736 τῆς
1416 3650 1536 3737 ἐκκλη-

313 3773 382 3838 σίας
403 3770 568 3844 λσγίῑεται,
591 3771 645 3830 καί
667 3765 728 3851 ἤδη
752 3769 861 3852 γρόρει
883 3772 937 3829 καί
958 3769 1132 3852 παραδηλοῖ
1153 3790 1202 3831 σοι
1218 3770 1399 3843 συνοδικῶς,
1423 3766 1465 3840 ιἰς
1488 3769 1536 3846 ἂν,

310 3895 413 3948 πᾶσαν
447 3889 553 3970 σκέψιν
586 3889 640 3948 καί
672 3879 836 3966 ὑπέρθεσιν
862 3889 916 3948 καί
942 3885 1041 3949 αἰτίαν
1064 3885 1319 3970 ἀποσεισάμενος,
1352 3888 1537 3972 καταλάβῃς

311 4001 511 4086 ἀμεταθέτως
534 4001 670 4066 ένιαῦθα
694 4005 769 4086 πρὸς
795 4005 849 4086 τὴν
871 4000 955 4087 ἡμῶν
983 4008 1164 4089 μετριότητα
1191 4009 1245 4068 καί
1270 4005 1323 4088 την
1349 4009 1416 4086 περί
1439 4002 1535 4090 αὐτὴν

311 4124 403 4185 θείαν
426 4123 481 4184 καί
502 4119 584 4204 ἱερὰν
607 4121 744 4197 σύνοδον,
767 4125 801 4184 τύ
823 4125 918 4204 παρόν
942 4127 1070 4206 γράμμα
1093 4125 1267 4205 δεξόμενος,
1295 4123 1535 4208 ἀπολογησόμε-

310 4261 371 4315 νος,
393 4243 460 4322 τερί
475 4236 526 4312 ύν,
549 4237 590 4308 ὣς
607 4237 732 4324 εἴρηται,
750 4241 896 4323 έγραψας,
919 4246 973 4304 καί
989 4240 1155 4328 ὁμολογίαν
1178 4240 1337 4326 ίγγρόριυς
1360 4249 1413 4304 τοῦ
1436 4240 1535 4324 όρθού

308 4359 512 4438 ποιησόμενος
533 4357 695 4438 δόγματος.
720 4356 746 4418 εί
763 4361 817 4440 μέν
834 4355 886 4420 σύν
902 4361 1094 4442 καταλάβῃς,
1118 4357 1159 4432 ύς
1182 4359 1308 4442 εἴρηται,
1330 4358 1386 4423 καί
1399 4363 1535 4444 ποιήσης

311 4478 393 4536 κατὰ
425 4477 475 4535 τύν
505 4473 660 4558 εἰρημένον
687 4479 809 4566 τρόπον,
836 4477 939 4540 λύιταί
967 4499 1014 4540 σοι
1042 4481 1075 4540 τό
1103 4486 1156 4562 τῆς
1184 4479 1363 4560 δυσσεβείας
1379 4479 1535 4564 έγκλημα,
