3314 5266
1295 291 1356 358 579

137 483 200 548 της
223 463 435 548 μητροπόλεως
456 462 601 547 συνοδικῇ
623 467 714 550 ψήρῳ
735 469 788 528 καὶ
811 469 915 548 γνώμη
937 475 994 528 τόν
1009 463 1174 547 ῑερωτάταν
1190 465 1355 552 ιἰρχιερίων

138 585 201 642 καί
224 575 401 664 ύτερτίρκον,
424 587 477 642 τοό
499 577 693 664 Ἡρακλείας,
716 591 769 646 τοό
782 581 926 660 Νικαίας,
950 590 1002 646 τού
1016 581 1165 666 Βρύσεως,
1187 591 1240 648 τού
1254 584 1355 670 Ἀθη-

140 707 214 771 νιῖιν,
226 707 279 760 τού
295 697 474 780 Σηλυβρίας,
487 696 751 770 τούΣωζοπόλεως
761 703 815 762 καί
826 708 879 762 τοῦ
895 697 1250 784 ἀρχιεπισκόπουιλύρκιυ,
1267 699 1355 786 δροί-

139 815 193 878 λει
215 815 299 898 δχειν
321 817 374 898 τήν
396 817 536 899 τοιαύτην
560 813 729 900 άγιωτάτην
753 818 965 900 μητρόπολιν,Ι
985 815 1144 882 ἀπολαύων
1171 828 1223 882 τού
1244 823 1356 906 ταύτης

141 931 294 1012 δνύριατος
327 932 360 995 όν
381 954 413 995 τε
436 935 561 994 στάσεσι
583 937 637 996 καί
657 935 827 1015 καθέδραις
849 946 914 1004 ταῖς
940 937 1016 1017 μετὰ
1037 945 1091 1019 τῆς
1112 935 1196 1018 ἱεράς
1229 939 1355 1004 συνόδου

139 1053 199 1112 καὶ
220 1047 375 1132 ἀλλαχοῦ,
397 1054 452 1126 καί
473 1058 526 1112 τού
548 1049 580 1112 ἒν
603 1061 664 1120 τοῖς
687 1049 774 1134 ἱεροῖς
786 1052 950 1134 διπτύχοις,
974 1049 1015 1122 ὣς
1030 1051 1172 1129 εἴθισται,
1196 1058 1353 1138 μνημοσύ-

138 1186 196 1230 νοο
216 1169 298 1229 κατὰ
319 1167 373 1260 τήν
394 1168 558 1250 κανονικήν
581 1165 740 1250 δκρίβιιάν
762 1189 794 1229 τε
818 1171 871 1230 καί
889 1171 1114 1252 παρατήρησιν,
1148 1169 1274 1256 δρείλων
1297 1171 1351 1251 δγ·

138 1285 374 1368 καθιδρυθῆναι
394 1288 448 1348 καί
469 1286 510 1368 τῷ
531 1284 602 1368 ἱερῷ
619 1288 776 1368 συνθρύνιρ
789 1294 844 1369 τῆς
858 1281 925 1348 κατ’
948 1281 1039 1350 αύτύν
1054 1284 1230 1372 ἐκκλησίας,
1253 1311 1352 1376 σφρα-

138 1407 235 1480 γίζειν
257 1425 289 1465 τε
311 1399 508 1479 ἀναγνώστας
528 1406 583 1464 καί
604 1397 823 1472 ὑποδιακόνους
845 1407 898 1465 καί
919 1403 1080 1473 διακόνους
1111 1408 1165 1466 καί
1185 1409 1352 1488 πρεσβυτό·

139 1541 211 1604 ρους
244 1532 426 1603 χειροτονεῖν
459 1525 513 1582 καί
534 1518 632 1582 πάντα
654 1524 692 1583 τὰ
714 1519 781 1602 ἱερὰ
802 1524 940 1602 πράττειν
963 1518 1135 1594 ἀκωλύτως,
1169 1519 1209 1593 ὣς
1230 1528 1353 1608 γνήσιος

139 1638 301 1722 ἀρχιερεύς
334 1642 389 1699 καί
420 1636 461 1699 ὢν
493 1641 548 1700 καί
580 1635 818 1720 δνοριαζόμενος,
853 1637 898 1700 ἔτι
930 1658 963 1698 τε
985 1635 1188 1720 δπιλαβόσθαι
1209 1645 1263 1703 καί
1295 1653 1352 1706 τῶν

109 1767 114 1778 ·
137 1753 328 1837 ὁθενδήποτι
350 1755 551 1837 διαφερόντων
573 1763 611 1837 τῇ
633 1751 700 1814 κατ’
724 1749 813 1815 αύτύν
836 1755 930 1836 ταύτῃ
956 1752 1107 1838 ἐκκλησία
1129 1757 1265 1832 δικαίων,
1298 1763 1354 1822 καί

138 1875 182 1958 μή
206 1871 289 1954 ἔχειν
312 1870 418 1933 ἄδειάν
440 1890 506 1932 τινα
528 1879 585 1932 τῶν
609 1868 747 1932 ἁπάντων
779 1869 880 1954 ήτιῖν
900 1871 1120 1955 πλησιοχώρων
1144 1872 1351 1962 ἀρχιερύωνῆ

135 1995 192 2052 καί
211 1990 306 2052 ἄλλον
328 1993 393 2051 τινά
416 1983 624 2070 ύποκραιήσαί
645 2008 673 2049 τι
694 1983 751 2050 τῶν
775 1984 831 2050 ύαύ
853 1989 905 2070 τήν
923 1989 1048 2070 ,ἐνορίαν
1069 2000 1170 2052 πάσαν
1187 1987 1279 2054 αύτού
1301 1995 1350 2057 δι-

135 2113 234 2172 καίων
256 2112 311 2171 καί
331 2120 420 2192 χεῖρα
441 2106 657 2190 πλεονεκτικήν
680 2103 781 2176 αότοῖς
804 2103 957 2188 ἐμβαλεῖν,
980 2104 1044 2168 ἐπεὶ
1074 2103 1161 2179 ούτος
1182 2113 1236 2172 καί
1258 2113 1350 2191 μόνος

136 2199 277 2310 δστί,της
300 2225 467 2310 όκκλησίας
489 2225 599 2306 ταύτης
620 2226 673 2284 καί
695 2225 866 2306 προστάτης
878 2227 932 2284 καί
953 2219 1121 2306 ἀρχιερεύς,
1144 2229 1198 2288 καί
1219 2236 1275 2289 τοῖν
1291 2223 1354 2290 αύ-.
1468 2231 1474 2243 ”

136 2351 192 2425 τής
225 2343 351 2404 δικαίων
383 2345 437 2403 καί
459 2340 620 2421 οἰκονόμος
641 2341 695 2400 καί
726 2341 829 2420 κύριος
850 2341 904 2400 καί
935 2338 1121 2410 διδάσκαλος
1154 2339 1349 2427 ἀποκατέστη

134 2463 221 2540 παρὰ
243 2469 297 2542 τής
318 2459 494 2540 καθολικής
515 2461 569 2519 καί
591 2455 796 2539 ἀποστολικής
818 2455 985 2539 ύκκλησίας
1016 2462 1071 2520 καί
1092 2462 1269 2543 φροντιστής
1290 2471 1348 2522 τῶν

136 2573 187 2639 ύκ’
209 2575 301 2658 αύτήν
324 2571 545 2658 εύρισκοριὲνων
568 2583 759 2656 χριστιανῶν,
782 2577 836 2635 καί
861 2561 998 2656 ἆνάγκην
1022 2574 1088 2658 ἔχει
1113 2585 1215 2639 πᾶσαν
1235 2597 1349 2660 παραι-

136 2707 198 2758 νεῖν
219 2699 273 2757 καί
295 2693 487 2778 εἰσηγεῖσθαι
510 2688 611 2761 αύτοῖς
632 2677 670 2754 τά
692 2693 857 2776 ψυχωριλή
890 2695 944 2754 καί
964 2690 1085 2776 ὁδηγεῖν
1111 2689 1221 2765 αύτούς
1243 2694 1290 2758 ἰπὶ
1311 2699 1350 2758 τὰ

135 2818 265 2896 κρείττω
297 2815 352 2874 καὶ
385 2815 535 2894 σωτηρίας
569 2807 713 2892 δχύρενα,
747 2806 788 2879 ὣς
808 2809 900 2884 λόγον
923 2806 996 2891 ύπόρ
1019 2807 1115 2873 αύτιῖν
1147 2811 1189 2895 τῷ
1219 2813 1287 2896 θειρ
1318 2812 1349 2876 δν

134 2927 237 3014 ἡμέρα
258 2933 387 3012 κρίσεως
410 2925 584 2990 ἀποδώσων.
613 2924 727 3011 δφείλει
749 2928 782 2988 δὲ
805 2927 908 3006 λαβείν
931 2924 1094 2999 ἂπιδόσεως
1116 2929 1198 3011 λύγιρ
1220 2933 1275 2992 καὶ
1295 2935 1349 3002 τὰς

136 3043 310 3124 ἁγιωτάτας
332 3045 509 3118 ύκισκοπὰς,
532 3048 566 3105 τό
588 3067 620 3105 τε
642 3045 777 3126 Χύλρην,
801 3047 834 3105 τό
857 3043 1026 3126 Τούροβον,
1054 3048 1088 3107 τό
1110 3045 1348 3132 Περεμούσκλην

134 3167 192 3228 καί
212 3167 246 3226 τύ
268 3163 502 3245 Βολοδίμοιρυν,
527 3165 633 3244 μύχρις
655 3159 691 3222 ἂν
713 3161 899 3222 διαλυθῶσιν
922 3159 954 3223 αἱ
976 3159 1040 3224 ἐκεῖ
1060 3169 1111 3224 νύν
1133 3160 1222 3225 ούσαι
1238 3169 1345 3248 μάχαι,

134 3281 191 3345 καὶ
223 3286 348 3366 γίνηται
380 3280 482 3364 εἰρήνη
515 3282 569 3341 καί
589 3279 726 3348 διάλυσις
759 3288 815 3340 τῶν
838 3279 1027 3352 σκανδάλων,
1049 3283 1103 3341 καί
1125 3279 1207 3363 όχειν
1240 3281 1346 3344 ἄδειαν

136 3375 294 3462 διδάσκων
327 3401 377 3460 τόν
411 3395 442 3458 ἦν
475 3393 578 3466 αύταῖς
599 3398 805 3478 χριστιύνυμον
837 3402 890 3454 τοῦ
922 3399 1028 3476 κυρίου
1061 3395 1135 3458 λαύν
1168 3403 1221 3460 καί
1243 3420 1343 3484 σρρα-

135 3524 230 3595 γίῑειν
263 3515 460 3592 ἀναγνώστας
493 3515 529 3576 όκ
563 3523 619 3574 τοῖν
652 3509 683 3574 ἂν
717 3508 829 3587 αὐταῖς,
852 3507 1072 3583 ύποδιακόνους
1101 3519 1154 3575 καί
1184 3515 1344 3594 διακόνους

132 3639 327 3718 προβιβάζειν
360 3637 413 3695 καί
444 3633 663 3714 πρεσβυτέρους
694 3639 886 3712 χειροτονεῖν,
908 3631 959 3690 ναί
979 3630 1037 3713 μήν
1062 3634 1117 3692 καί
1150 3629 1342 3709 ἐπισκόπους,

133 3753 211 3836 πλήν
248 3751 311 3814 δαεί
348 3747 404 3812 ούκ
441 3749 507 3830 ἔχει
548 3747 655 3829 ἀρτίως
695 3746 897 3820 ἐπισκόπους,
940 3745 1012 3828 μεθ’
1048 3745 1089 3809 ὧν
1119 3745 1164 3810 άν
1201 3771 1342 3832 χειροςο.

133 3873 214 3954 νήση
252 3865 375 3942 αύτούς,
412 3864 527 3950 όφείλει
564 3867 641 3946 μετὰ
676 3865 709 3924 τύ
748 3861 892 3925 ἀπελθεῖν
926 3861 968 3932 είς
1005 3865 1057 3947 τήν
1094 3861 1261 3949 όκκλησίαν
1285 3865 1341 3931 αὖ.

134 3997 188 4053 τού
225 3985 426 4057 ἐκλέξασθαι,
464 3981 516 4052 οὓς
550 3979 586 4044 ἂν
623 3983 789 4064 διακρίνοι,
828 3985 882 4044 καὶ
916 3985 1146 4066 παραγενέσθαι
1181 3989 1255 4066 πρός
1291 3989 1341 4049 τόν

134 4107 295 4190 ἱερώτατον
333 4099 555 4185 μητροπολίτην
592 4094 865 4181 Ούγγροβλαχίας,
903 4096 944 4169 ὥς
981 4095 1017 4162 ἂν
1053 4095 1117 4161 ἐκεῖ
1149 4101 1213 4182 μετ’
1248 4099 1340 4166 αύτού

131 4228 298 4308 ποιήσηται
318 4223 373 4281 καί
394 4221 448 4287 τὰς
470 4219 588 4301 ψήφους
610 4225 667 4276 των
691 4215 860 4297 ἐπισκόπων
882 4218 936 4276 καί
957 4219 1010 4286 τάς
1032 4222 1230 4299 χειροτονίας.
1253 4215 1339 4303 όριί-

132 4328 221 4406 λουσι
253 4341 288 4402 δὲ
309 4339 363 4398 καί
377 4333 413 4398 ὀἱ
433 4333 464 4396 όν
485 4335 570 4415 πάσῃ
592 4343 629 4415 τή
653 4329 754 4414 ἰνορία
775 4329 858 4404 ὄντες
880 4343 933 4417 τῆς
955 4331 1021 4396 κατ’
1047 4332 1138 4397 αύτύν
1170 4333 1340 4418 ἁγιωτάτης

132 4460 302 4539 δκκλησίας
323 4457 377 4517 καὶ
399 4451 427 4515 οἱ
448 4461 505 4514 τιῖν
537 4449 698 4532 ιλρημίνων
732 4449 916 4526 ἐπισκοπῶν,
950 4450 1125 4534 ἱερωμένοι,
1148 4457 1336 4534 μονάζοντες,

1085 4550 1152 4605 ³7⁸
