<?xml version="1.0" encoding="UTF-8"?>
<!DOCTYPE html PUBLIC "-//W3C//DTD XHTML 1.0 Transitional//EN"
    "http://www.w3.org/TR/xhtml1/DTD/xhtml1-transitional.dtd">
<html xmlns="http://www.w3.org/1999/xhtml" xml:lang="en" lang="en">
 <head>
  <title>
</title>
<meta http-equiv="Content-Type" content="text/html;charset=utf-8" />
  <meta name='ocr-system' content='tesseract 3.04.00' />
  <meta name='ocr-capabilities' content='ocr_page ocr_carea ocr_par ocr_line ocrx_word'/>
</head>
<body>
  <div class='ocr_page' id='page_1' title='image "./actaetdiplomata01miklgoog_0456.png"; bbox 0 0 3258 5282; ppageno 0'>
   <div class='ocr_carea' id='block_1_1' title="bbox 1264 297 1326 360">
    <p class='ocr_par' dir='ltr' id='par_1_1' title="bbox 1264 297 1326 360">
     <span class='ocr_line' id='line_1_1' title="bbox 1264 297 1326 360; baseline 0 0"><span class='ocrx_word' id='word_1_1' title='bbox 1264 297 1326 360; x_wconf 67' lang='lat'><strong>4⁰7</strong></span> 
     </span>
    </p>
   </div>
   <div class='ocr_carea' id='block_1_2' title="bbox 97 479 1334 1866">
    <p class='ocr_par' dir='ltr' id='par_1_2' title="bbox 97 479 1334 1866">
     <span class='ocr_line' id='line_1_2' title="bbox 100 479 1324 568; baseline 0 -24"><span class='ocrx_word' id='word_1_2' title='bbox 100 483 452 566; x_wconf 76' lang='grc' dir='ltr'><strong>συγκαταβατικότορυν</strong></span> <span class='ocrx_word' id='word_1_3' title='bbox 481 481 747 568; x_wconf 85' lang='grc' dir='ltr'><strong>διατοθησομόνης</strong></span> <span class='ocrx_word' id='word_1_4' title='bbox 773 489 826 568; x_wconf 77' lang='grc' dir='ltr'><strong>της</strong></span> <span class='ocrx_word' id='word_1_5' title='bbox 849 489 906 566; x_wconf 83' lang='grc' dir='ltr'><strong>τοῦ</strong></span> <span class='ocrx_word' id='word_1_6' title='bbox 932 484 1010 546; x_wconf 88' lang='grc' dir='ltr'><strong>θιυῦ</strong></span> <span class='ocrx_word' id='word_1_7' title='bbox 1037 479 1219 567; x_wconf 72' lang='grc' dir='ltr'><strong>ἐκκλησίας·</strong></span> <span class='ocrx_word' id='word_1_8' title='bbox 1244 481 1271 545; x_wconf 82' lang='grc' dir='ltr'><strong>τί</strong></span> <span class='ocrx_word' id='word_1_9' title='bbox 1297 480 1324 544; x_wconf 85' lang='grc' dir='ltr'><strong>δ’</strong></span> 
     </span>
     <span class='ocr_line' id='line_1_3' title="bbox 98 595 1327 684; baseline 0.002 -24"><span class='ocrx_word' id='word_1_10' title='bbox 98 595 168 674; x_wconf 79' lang='grc' dir='ltr'><strong>οὖν,</strong></span> <span class='ocrx_word' id='word_1_11' title='bbox 204 599 264 684; x_wconf 77' lang='grc' dir='ltr'><strong>όοη</strong></span> <span class='ocrx_word' id='word_1_12' title='bbox 291 599 386 684; x_wconf 80' lang='grc' dir='ltr'><strong>άρηός</strong></span> <span class='ocrx_word' id='word_1_13' title='bbox 410 602 585 664; x_wconf 85' lang='grc' dir='ltr'><strong>παντάπασι</strong></span> <span class='ocrx_word' id='word_1_14' title='bbox 610 603 712 684; x_wconf 84' lang='grc' dir='ltr'><strong>πάσης</strong></span> <span class='ocrx_word' id='word_1_15' title='bbox 737 599 954 684; x_wconf 72' lang='grc' dir='ltr'><strong>ἀρχιερατικῆς</strong></span> <span class='ocrx_word' id='word_1_16' title='bbox 982 597 1070 672; x_wconf 73' lang='grc' dir='ltr'><strong>ἀξίας</strong></span> <span class='ocrx_word' id='word_1_17' title='bbox 1095 604 1150 664; x_wconf 90' lang='grc' dir='ltr'><strong>καὶ</strong></span> <span class='ocrx_word' id='word_1_18' title='bbox 1173 599 1327 682; x_wconf 73' lang='grc' dir='ltr'><strong>ἐναργοίας</strong></span> 
     </span>
     <span class='ocr_line' id='line_1_4' title="bbox 99 715 1328 803; baseline -0.002 -21"><span class='ocrx_word' id='word_1_19' title='bbox 99 721 185 798; x_wconf 73' lang='grc' dir='ltr'><strong>μετὰ</strong></span> <span class='ocrx_word' id='word_1_20' title='bbox 218 721 332 802; x_wconf 86' lang='grc' dir='ltr'><strong>βάρους</strong></span> <span class='ocrx_word' id='word_1_21' title='bbox 357 720 520 784; x_wconf 90' lang='grc' dir='ltr'><strong>συνυδικοῦ</strong></span> <span class='ocrx_word' id='word_1_22' title='bbox 550 717 730 803; x_wconf 76' lang='grc' dir='ltr'><strong>όκιιληαίας,</strong></span> <span class='ocrx_word' id='word_1_23' title='bbox 760 717 874 782; x_wconf 85' lang='grc' dir='ltr'><strong>ότοπον</strong></span> <span class='ocrx_word' id='word_1_24' title='bbox 901 721 959 800; x_wconf 76' lang='grc' dir='ltr'><strong>γάρ</strong></span> <span class='ocrx_word' id='word_1_25' title='bbox 991 717 1066 793; x_wconf 81' lang='grc' dir='ltr'><strong>όστι,</strong></span> <span class='ocrx_word' id='word_1_26' title='bbox 1097 715 1163 780; x_wconf 80' lang='grc' dir='ltr'><strong>ἀντί</strong></span> <span class='ocrx_word' id='word_1_27' title='bbox 1184 721 1328 800; x_wconf 80' lang='grc' dir='ltr'><strong>τοιμόνυς</strong></span> 
     </span>
     <span class='ocr_line' id='line_1_5' title="bbox 99 803 1330 922; baseline 0.001 -25"><span class='ocrx_word' id='word_1_28' title='bbox 99 834 187 900; x_wconf 88' lang='grc' dir='ltr'><strong>οἶναί</strong></span> <span class='ocrx_word' id='word_1_29' title='bbox 209 859 246 901; x_wconf 88' lang='grc' dir='ltr'><strong>σο</strong></span> <span class='ocrx_word' id='word_1_30' title='bbox 269 841 434 922; x_wconf 83' lang='grc' dir='ltr'><strong>μισθωτόν,</strong></span> <span class='ocrx_word' id='word_1_31' title='bbox 457 841 511 921; x_wconf 77' lang='grc' dir='ltr'><strong>την</strong></span> <span class='ocrx_word' id='word_1_32' title='bbox 533 847 586 900; x_wconf 91' lang='grc' dir='ltr'><strong>τοῦ</strong></span> <span class='ocrx_word' id='word_1_33' title='bbox 608 803 741 918; x_wconf 77' lang='grc' dir='ltr'><strong>Χριστοῦ</strong></span> <span class='ocrx_word' id='word_1_34' title='bbox 762 837 890 919; x_wconf 73' lang='grc' dir='ltr'><strong>λογικὴν</strong></span> <span class='ocrx_word' id='word_1_35' title='bbox 911 841 1041 920; x_wconf 89' lang='grc' dir='ltr'><strong>ποίμνην</strong></span> <span class='ocrx_word' id='word_1_36' title='bbox 1064 839 1275 919; x_wconf 87' lang='grc' dir='ltr'><strong>σιταράττοντά</strong></span> <span class='ocrx_word' id='word_1_37' title='bbox 1297 849 1330 898; x_wconf 85' lang='grc' dir='ltr'><strong>τι</strong></span> 
     </span>
     <span class='ocr_line' id='line_1_6' title="bbox 98 953 1328 1041; baseline -0.001 -24"><span class='ocrx_word' id='word_1_38' title='bbox 98 961 160 1018; x_wconf 88' lang='grc' dir='ltr'><strong>καί</strong></span> <span class='ocrx_word' id='word_1_39' title='bbox 182 957 468 1041; x_wconf 80' lang='grc' dir='ltr'><strong>διαλομσινόμονον,</strong></span> <span class='ocrx_word' id='word_1_40' title='bbox 491 957 527 1040; x_wconf 81' lang='grc' dir='ltr'><strong>ἣν</strong></span> <span class='ocrx_word' id='word_1_41' title='bbox 550 955 567 1019; x_wconf 89' lang='grc' dir='ltr'><strong>ό</strong></span> <span class='ocrx_word' id='word_1_42' title='bbox 585 956 715 1040; x_wconf 77' lang='grc' dir='ltr'><strong>Χριστός</strong></span> <span class='ocrx_word' id='word_1_43' title='bbox 737 955 779 1037; x_wconf 77' lang='grc' dir='ltr'><strong>τῷ</strong></span> <span class='ocrx_word' id='word_1_44' title='bbox 795 953 937 1038; x_wconf 83' lang='grc' dir='ltr'><strong>ἀχράντιρ</strong></span> <span class='ocrx_word' id='word_1_45' title='bbox 952 958 1007 1016; x_wconf 86' lang='grc' dir='ltr'><strong>καί</strong></span> <span class='ocrx_word' id='word_1_46' title='bbox 1022 953 1127 1037; x_wconf 82' lang='grc' dir='ltr'><strong>υίκοίιρ</strong></span> <span class='ocrx_word' id='word_1_47' title='bbox 1143 953 1328 1038; x_wconf 74' lang='grc' dir='ltr'><strong>ίξηηόρασον</strong></span> 
     </span>
     <span class='ocr_line' id='line_1_7' title="bbox 97 1071 1329 1161; baseline 0 -25"><span class='ocrx_word' id='word_1_48' title='bbox 97 1072 225 1157; x_wconf 82' lang='grc' dir='ltr'><strong>αἵματι,</strong></span> <span class='ocrx_word' id='word_1_49' title='bbox 248 1081 303 1139; x_wconf 88' lang='grc' dir='ltr'><strong>καί</strong></span> <span class='ocrx_word' id='word_1_50' title='bbox 323 1079 492 1161; x_wconf 71' lang='grc' dir='ltr'><strong>προφάσεις</strong></span> <span class='ocrx_word' id='word_1_51' title='bbox 514 1079 568 1138; x_wconf 92' lang='grc' dir='ltr'><strong>καί</strong></span> <span class='ocrx_word' id='word_1_52' title='bbox 590 1075 739 1155; x_wconf 83' lang='grc' dir='ltr'><strong>διαβολὰς</strong></span> <span class='ocrx_word' id='word_1_53' title='bbox 761 1078 814 1137; x_wconf 87' lang='grc' dir='ltr'><strong>καί</strong></span> <span class='ocrx_word' id='word_1_54' title='bbox 827 1076 995 1158; x_wconf 83' lang='grc' dir='ltr'><strong>πλάσματα</strong></span> <span class='ocrx_word' id='word_1_55' title='bbox 1015 1077 1098 1138; x_wconf 85' lang='grc' dir='ltr'><strong>κατὰ</strong></span> <span class='ocrx_word' id='word_1_56' title='bbox 1112 1084 1170 1137; x_wconf 88' lang='grc' dir='ltr'><strong>τῦν</strong></span> <span class='ocrx_word' id='word_1_57' title='bbox 1193 1071 1329 1156; x_wconf 86' lang='grc' dir='ltr'><strong>όρθυδό·</strong></span> 
     </span>
     <span class='ocr_line' id='line_1_8' title="bbox 99 1191 1331 1278; baseline -0.002 -22"><span class='ocrx_word' id='word_1_58' title='bbox 99 1195 164 1264; x_wconf 73' lang='grc' dir='ltr'><strong>ίαν</strong></span> <span class='ocrx_word' id='word_1_59' title='bbox 189 1196 432 1277; x_wconf 85' lang='grc' dir='ltr'><strong>συμπλάττοντα.</strong></span> <span class='ocrx_word' id='word_1_60' title='bbox 455 1193 658 1278; x_wconf 76' lang='grc' dir='ltr'><strong>όκλοξάμινος</strong></span> <span class='ocrx_word' id='word_1_61' title='bbox 679 1201 841 1274; x_wconf 72' lang='grc' dir='ltr'><strong>τοιγαροῦν</strong></span> <span class='ocrx_word' id='word_1_62' title='bbox 863 1195 897 1256; x_wconf 90' lang='grc' dir='ltr'><strong>τό</strong></span> <span class='ocrx_word' id='word_1_63' title='bbox 918 1195 1055 1256; x_wconf 82' lang='grc' dir='ltr'><strong>συνοισόν</strong></span> <span class='ocrx_word' id='word_1_64' title='bbox 1077 1214 1127 1256; x_wconf 91' lang='grc' dir='ltr'><strong>σοι</strong></span> <span class='ocrx_word' id='word_1_65' title='bbox 1142 1198 1197 1256; x_wconf 89' lang='grc' dir='ltr'><strong>καί</strong></span> <span class='ocrx_word' id='word_1_66' title='bbox 1218 1191 1331 1278; x_wconf 57' lang='lat'><strong>&amp;9⁶22-</strong></span> 
     </span>
     <span class='ocr_line' id='line_1_9' title="bbox 97 1311 1331 1397; baseline -0.001 -24"><span class='ocrx_word' id='word_1_67' title='bbox 97 1332 162 1392; x_wconf 84' lang='grc' dir='ltr'><strong>μον</strong></span> <span class='ocrx_word' id='word_1_68' title='bbox 186 1316 249 1380; x_wconf 86' lang='grc' dir='ltr'><strong>καί,</strong></span> <span class='ocrx_word' id='word_1_69' title='bbox 265 1311 459 1397; x_wconf 80' lang='grc' dir='ltr'><strong>ότοθόμονος</strong></span> <span class='ocrx_word' id='word_1_70' title='bbox 480 1321 541 1376; x_wconf 81' lang='grc' dir='ltr'><strong>σάν</strong></span> <span class='ocrx_word' id='word_1_71' title='bbox 562 1315 597 1374; x_wconf 89' lang='grc' dir='ltr'><strong>τό</strong></span> <span class='ocrx_word' id='word_1_72' title='bbox 619 1315 750 1396; x_wconf 79' lang='grc' dir='ltr'><strong>ψυχικόν</strong></span> <span class='ocrx_word' id='word_1_73' title='bbox 765 1333 815 1374; x_wconf 88' lang='grc' dir='ltr'><strong>σοι</strong></span> <span class='ocrx_word' id='word_1_74' title='bbox 828 1311 990 1394; x_wconf 74' lang='grc' dir='ltr'><strong>προξονυῦν</strong></span> <span class='ocrx_word' id='word_1_75' title='bbox 1005 1311 1152 1386; x_wconf 89' lang='grc' dir='ltr'><strong>κίνδυνον,</strong></span> <span class='ocrx_word' id='word_1_76' title='bbox 1176 1311 1331 1394; x_wconf 81' lang='grc' dir='ltr'><strong>πρόσολθτ</strong></span> 
     </span>
     <span class='ocr_line' id='line_1_10' title="bbox 100 1425 1333 1516; baseline 0 -24"><span class='ocrx_word' id='word_1_77' title='bbox 100 1426 300 1502; x_wconf 78' lang='grc' dir='ltr'><strong>άδιστάκτας</strong></span> <span class='ocrx_word' id='word_1_78' title='bbox 332 1441 371 1516; x_wconf 79' lang='grc' dir='ltr'><strong>τη</strong></span> <span class='ocrx_word' id='word_1_79' title='bbox 397 1429 550 1515; x_wconf 75' lang='grc' dir='ltr'><strong>ίκκλησίη</strong></span> <span class='ocrx_word' id='word_1_80' title='bbox 576 1433 664 1504; x_wconf 88' lang='grc' dir='ltr'><strong>θοοῦ,</strong></span> <span class='ocrx_word' id='word_1_81' title='bbox 691 1426 729 1514; x_wconf 74' lang='grc' dir='ltr'><strong>ης</strong></span> <span class='ocrx_word' id='word_1_82' title='bbox 761 1425 855 1511; x_wconf 76' lang='grc' dir='ltr'><strong>αὐτην</strong></span> <span class='ocrx_word' id='word_1_83' title='bbox 887 1438 994 1500; x_wconf 83' lang='grc' dir='ltr'><strong>κακῦς</strong></span> <span class='ocrx_word' id='word_1_84' title='bbox 1025 1427 1082 1491; x_wconf 86' lang='grc' dir='ltr'><strong>καί</strong></span> <span class='ocrx_word' id='word_1_85' title='bbox 1103 1427 1333 1510; x_wconf 80' lang='grc' dir='ltr'><strong>ἀπορισκόπτιυς</strong></span> 
     </span>
     <span class='ocr_line' id='line_1_11' title="bbox 99 1543 1331 1633; baseline 0.002 -26"><span class='ocrx_word' id='word_1_86' title='bbox 99 1548 285 1631; x_wconf 85' lang='grc' dir='ltr'><strong>διόστηαας,</strong></span> <span class='ocrx_word' id='word_1_87' title='bbox 306 1553 361 1612; x_wconf 89' lang='grc' dir='ltr'><strong>καί</strong></span> <span class='ocrx_word' id='word_1_88' title='bbox 382 1549 558 1633; x_wconf 80' lang='grc' dir='ltr'><strong>μοταβαλοῦ</strong></span> <span class='ocrx_word' id='word_1_89' title='bbox 579 1551 654 1632; x_wconf 86' lang='grc' dir='ltr'><strong>πρός</strong></span> <span class='ocrx_word' id='word_1_90' title='bbox 676 1551 711 1610; x_wconf 89' lang='grc' dir='ltr'><strong>τό</strong></span> <span class='ocrx_word' id='word_1_91' title='bbox 732 1557 882 1630; x_wconf 85' lang='grc' dir='ltr'><strong>κροῑττον,</strong></span> <span class='ocrx_word' id='word_1_92' title='bbox 905 1545 957 1610; x_wconf 84' lang='grc' dir='ltr'><strong>ἵνα</strong></span> <span class='ocrx_word' id='word_1_93' title='bbox 977 1551 1033 1610; x_wconf 91' lang='grc' dir='ltr'><strong>καί</strong></span> <span class='ocrx_word' id='word_1_94' title='bbox 1053 1543 1132 1610; x_wconf 80' lang='grc' dir='ltr'><strong>οότα</strong></span> <span class='ocrx_word' id='word_1_95' title='bbox 1154 1557 1208 1611; x_wconf 88' lang='grc' dir='ltr'><strong>τοῦ</strong></span> <span class='ocrx_word' id='word_1_96' title='bbox 1230 1549 1331 1630; x_wconf 81' lang='grc' dir='ltr'><strong>πράη-</strong></span> 
     </span>
     <span class='ocr_line' id='line_1_12' title="bbox 100 1663 1334 1752; baseline 0.002 -24"><span class='ocrx_word' id='word_1_97' title='bbox 100 1687 205 1748; x_wconf 85' lang='grc' dir='ltr'><strong>ματος</strong></span> <span class='ocrx_word' id='word_1_98' title='bbox 238 1665 285 1730; x_wconf 83' lang='grc' dir='ltr'><strong>όπ’</strong></span> <span class='ocrx_word' id='word_1_99' title='bbox 311 1665 425 1752; x_wconf 76' lang='grc' dir='ltr'><strong>άγαδῷ</strong></span> <span class='ocrx_word' id='word_1_100' title='bbox 447 1671 706 1752; x_wconf 80' lang='grc' dir='ltr'><strong>προχορησαντος</strong></span> <span class='ocrx_word' id='word_1_101' title='bbox 731 1671 832 1751; x_wconf 77' lang='grc' dir='ltr'><strong>τρόπῳ</strong></span> <span class='ocrx_word' id='word_1_102' title='bbox 859 1671 914 1731; x_wconf 91' lang='grc' dir='ltr'><strong>καί</strong></span> <span class='ocrx_word' id='word_1_103' title='bbox 939 1663 959 1749; x_wconf 75' lang='grc' dir='ltr'>ἡ</span> <span class='ocrx_word' id='word_1_104' title='bbox 987 1675 1041 1731; x_wconf 89' lang='grc' dir='ltr'><strong>τοῦ</strong></span> <span class='ocrx_word' id='word_1_105' title='bbox 1067 1669 1146 1731; x_wconf 81' lang='grc' dir='ltr'><strong>θοοῦ</strong></span> <span class='ocrx_word' id='word_1_106' title='bbox 1172 1670 1263 1751; x_wconf 91' lang='grc' dir='ltr'><strong>χάρις</strong></span> <span class='ocrx_word' id='word_1_107' title='bbox 1285 1665 1334 1750; x_wconf 83' lang='grc' dir='ltr'><strong>τίη</strong></span> 
     </span>
     <span class='ocr_line' id='line_1_13' title="bbox 102 1785 317 1866; baseline 0.005 -19"><span class='ocrx_word' id='word_1_108' title='bbox 102 1785 186 1866; x_wconf 84' lang='grc' dir='ltr'><strong>μοτά</strong></span> <span class='ocrx_word' id='word_1_109' title='bbox 209 1806 266 1848; x_wconf 90' lang='grc' dir='ltr'><strong>σου</strong></span> <span class='ocrx_word' id='word_1_110' title='bbox 286 1789 317 1863; x_wconf 92' lang='lat'><strong>†.</strong></span> 
     </span>
    </p>
   </div>
   <div class='ocr_carea' id='block_1_3' title="bbox 649 1987 797 2002">
    <p class='ocr_par' dir='ltr' id='par_1_3' title="bbox 649 1987 797 2002">
     <span class='ocr_line' id='line_1_14' title="bbox 649 1987 797 2002; baseline 0.02 -3"><span class='ocrx_word' id='word_1_111' title='bbox 649 1987 797 2002; x_wconf 50' lang='lat' dir='ltr'><strong>mm</strong></span> 
     </span>
    </p>
   </div>
   <div class='ocr_carea' id='block_1_4' title="bbox 192 2135 1332 2226">
    <p class='ocr_par' dir='ltr' id='par_1_4' title="bbox 192 2135 1332 2226">
     <span class='ocr_line' id='line_1_15' title="bbox 192 2135 1332 2226; baseline 0.002 -26"><span class='ocrx_word' id='word_1_112' title='bbox 192 2136 247 2201; x_wconf 87' lang='grc' dir='ltr'><strong>ΙΙΙ.</strong></span> <span class='ocrx_word' id='word_1_113' title='bbox 270 2141 291 2216; x_wconf 90' lang='lat'>†</span> <span class='ocrx_word' id='word_1_114' title='bbox 313 2135 352 2202; x_wconf 83' lang='grc' dir='ltr'><strong>Οί</strong></span> <span class='ocrx_word' id='word_1_115' title='bbox 366 2136 398 2200; x_wconf 83' lang='grc' dir='ltr'><strong>ίν</strong></span> <span class='ocrx_word' id='word_1_116' title='bbox 420 2149 458 2223; x_wconf 80' lang='grc' dir='ltr'><strong>τη</strong></span> <span class='ocrx_word' id='word_1_117' title='bbox 481 2136 616 2224; x_wconf 78' lang='grc' dir='ltr'><strong>ίταρχίη</strong></span> <span class='ocrx_word' id='word_1_118' title='bbox 630 2149 684 2206; x_wconf 90' lang='grc' dir='ltr'><strong>τοῦ</strong></span> <span class='ocrx_word' id='word_1_119' title='bbox 700 2139 872 2219; x_wconf 76' lang='grc' dir='ltr'><strong>οίηιατάτυο</strong></span> <span class='ocrx_word' id='word_1_120' title='bbox 886 2141 1036 2204; x_wconf 89' lang='grc' dir='ltr'><strong>δοσπότυυ</strong></span> <span class='ocrx_word' id='word_1_121' title='bbox 1054 2144 1244 2226; x_wconf 87' lang='grc' dir='ltr'><strong>πατριάρχου</strong></span> <span class='ocrx_word' id='word_1_122' title='bbox 1259 2141 1332 2206; x_wconf 79' lang='grc' dir='ltr'><strong>Ἀν-</strong></span> 
     </span>
    </p>
   </div>
   <div class='ocr_carea' id='block_1_5' title="bbox 103 2254 1340 4589">
    <p class='ocr_par' dir='ltr' id='par_1_5' title="bbox 103 2254 1340 4589">
     <span class='ocr_line' id='line_1_16' title="bbox 104 2254 1332 2344; baseline 0.003 -26"><span class='ocrx_word' id='word_1_123' title='bbox 104 2258 248 2338; x_wconf 90' lang='grc' dir='ltr'><strong>τιοχοίας</strong></span> <span class='ocrx_word' id='word_1_124' title='bbox 276 2254 333 2318; x_wconf 88' lang='grc' dir='ltr'><strong>καὶ</strong></span> <span class='ocrx_word' id='word_1_125' title='bbox 356 2257 459 2342; x_wconf 90' lang='grc' dir='ltr'><strong>πάσης</strong></span> <span class='ocrx_word' id='word_1_126' title='bbox 484 2254 654 2344; x_wconf 82' lang='grc' dir='ltr'><strong>Ἀνατυλης</strong></span> <span class='ocrx_word' id='word_1_127' title='bbox 679 2255 892 2342; x_wconf 81' lang='grc' dir='ltr'><strong>οόρισκόμινοι</strong></span> <span class='ocrx_word' id='word_1_128' title='bbox 917 2255 1075 2341; x_wconf 80' lang='grc' dir='ltr'><strong>ίοράτατοι</strong></span> <span class='ocrx_word' id='word_1_129' title='bbox 1105 2259 1332 2342; x_wconf 78' lang='grc' dir='ltr'><strong>μητροπολίται.</strong></span> 
     </span>
     <span class='ocr_line' id='line_1_17' title="bbox 103 2371 1333 2462; baseline -0.004 -18"><span class='ocrx_word' id='word_1_130' title='bbox 103 2375 210 2455; x_wconf 60' lang='grc' dir='ltr'><strong>χάρις,</strong></span> <span class='ocrx_word' id='word_1_131' title='bbox 233 2371 346 2458; x_wconf 78' lang='grc' dir='ltr'><strong>οἰρήνη,</strong></span> <span class='ocrx_word' id='word_1_132' title='bbox 370 2373 460 2447; x_wconf 77' lang='grc' dir='ltr'><strong>όλοος</strong></span> <span class='ocrx_word' id='word_1_133' title='bbox 474 2375 522 2460; x_wconf 81' lang='grc' dir='ltr'><strong>τίη</strong></span> <span class='ocrx_word' id='word_1_134' title='bbox 544 2387 583 2460; x_wconf 79' lang='grc' dir='ltr'><strong>τη</strong></span> <span class='ocrx_word' id='word_1_135' title='bbox 603 2373 690 2462; x_wconf 78' lang='grc' dir='ltr'><strong>ημῦν</strong></span> <span class='ocrx_word' id='word_1_136' title='bbox 713 2380 885 2460; x_wconf 72' lang='grc' dir='ltr'><strong>μετριότητι</strong></span> <span class='ocrx_word' id='word_1_137' title='bbox 907 2373 968 2440; x_wconf 75' lang='grc' dir='ltr'><strong>ἀπό</strong></span> <span class='ocrx_word' id='word_1_138' title='bbox 987 2377 1065 2440; x_wconf 92' lang='grc' dir='ltr'><strong>θοοῦ</strong></span> <span class='ocrx_word' id='word_1_139' title='bbox 1086 2380 1333 2458; x_wconf 72' lang='grc' dir='ltr'><strong>παντοκράτορος</strong></span> 
     </span>
     <span class='ocr_line' id='line_1_18' title="bbox 104 2488 1334 2579; baseline 0.003 -27"><span class='ocrx_word' id='word_1_140' title='bbox 104 2498 164 2553; x_wconf 89' lang='grc' dir='ltr'><strong>καί</strong></span> <span class='ocrx_word' id='word_1_141' title='bbox 186 2494 294 2572; x_wconf 89' lang='grc' dir='ltr'><strong>κυρίου</strong></span> <span class='ocrx_word' id='word_1_142' title='bbox 314 2488 402 2575; x_wconf 72' lang='grc' dir='ltr'><strong>ἡμῶν</strong></span> <span class='ocrx_word' id='word_1_143' title='bbox 423 2492 523 2578; x_wconf 83' lang='grc' dir='ltr'><strong>Ἰησοῦ</strong></span> <span class='ocrx_word' id='word_1_144' title='bbox 545 2493 687 2577; x_wconf 84' lang='grc' dir='ltr'><strong>Χριστοῦ.</strong></span> <span class='ocrx_word' id='word_1_145' title='bbox 717 2493 798 2557; x_wconf 84' lang='grc' dir='ltr'><strong>υίδον</strong></span> <span class='ocrx_word' id='word_1_146' title='bbox 819 2491 839 2579; x_wconf 85' lang='grc' dir='ltr'><strong>ἡ</strong></span> <span class='ocrx_word' id='word_1_147' title='bbox 863 2497 1023 2578; x_wconf 85' lang='grc' dir='ltr'><strong>μοτριότης</strong></span> <span class='ocrx_word' id='word_1_148' title='bbox 1046 2489 1134 2578; x_wconf 72' lang='grc' dir='ltr'><strong>ἡμῶν</strong></span> <span class='ocrx_word' id='word_1_149' title='bbox 1160 2499 1215 2556; x_wconf 91' lang='grc' dir='ltr'><strong>καί</strong></span> <span class='ocrx_word' id='word_1_150' title='bbox 1237 2494 1334 2571; x_wconf 72' lang='grc' dir='ltr'><strong>ίχνιίι-</strong></span> 
     </span>
     <span class='ocr_line' id='line_1_19' title="bbox 104 2606 1333 2696; baseline 0.002 -24"><span class='ocrx_word' id='word_1_151' title='bbox 104 2627 204 2691; x_wconf 84' lang='grc' dir='ltr'><strong>ρισον,</strong></span> <span class='ocrx_word' id='word_1_152' title='bbox 227 2606 309 2680; x_wconf 80' lang='grc' dir='ltr'><strong>ὅπας</strong></span> <span class='ocrx_word' id='word_1_153' title='bbox 329 2612 388 2692; x_wconf 84' lang='grc' dir='ltr'><strong>πρά</strong></span> <span class='ocrx_word' id='word_1_154' title='bbox 409 2619 518 2694; x_wconf 89' lang='grc' dir='ltr'><strong>καιροῦ</strong></span> <span class='ocrx_word' id='word_1_155' title='bbox 540 2632 622 2683; x_wconf 90' lang='grc' dir='ltr'><strong>τινος</strong></span> <span class='ocrx_word' id='word_1_156' title='bbox 637 2607 749 2684; x_wconf 83' lang='grc' dir='ltr'><strong>όπυδός</strong></span> <span class='ocrx_word' id='word_1_157' title='bbox 764 2610 781 2676; x_wconf 91' lang='grc' dir='ltr'><strong>ό</strong></span> <span class='ocrx_word' id='word_1_158' title='bbox 796 2623 855 2675; x_wconf 82' lang='grc' dir='ltr'><strong>τῦν</strong></span> <span class='ocrx_word' id='word_1_159' title='bbox 882 2616 1022 2684; x_wconf 71' lang='grc' dir='ltr'><strong>ζιζανίων</strong></span> <span class='ocrx_word' id='word_1_160' title='bbox 1048 2613 1185 2694; x_wconf 87' lang='grc' dir='ltr'><strong>σιιοροός,</strong></span> <span class='ocrx_word' id='word_1_161' title='bbox 1208 2610 1226 2676; x_wconf 91' lang='grc' dir='ltr'><strong>ό</strong></span> <span class='ocrx_word' id='word_1_162' title='bbox 1247 2633 1333 2696; x_wconf 89' lang='grc' dir='ltr'><strong>παμ-</strong></span> 
     </span>
     <span class='ocr_line' id='line_1_20' title="bbox 104 2725 1333 2814; baseline 0.002 -24"><span class='ocrx_word' id='word_1_163' title='bbox 104 2731 242 2812; x_wconf 81' lang='grc' dir='ltr'><strong>πόνηρος</strong></span> <span class='ocrx_word' id='word_1_164' title='bbox 263 2728 421 2810; x_wconf 86' lang='grc' dir='ltr'><strong>διάβολος,</strong></span> <span class='ocrx_word' id='word_1_165' title='bbox 443 2731 494 2793; x_wconf 86' lang='grc' dir='ltr'><strong>τόν</strong></span> <span class='ocrx_word' id='word_1_166' title='bbox 508 2727 675 2814; x_wconf 74' lang='grc' dir='ltr'><strong>Καλοβρόν</strong></span> <span class='ocrx_word' id='word_1_167' title='bbox 697 2729 822 2806; x_wconf 80' lang='grc' dir='ltr'><strong>όκοῦνον,</strong></span> <span class='ocrx_word' id='word_1_168' title='bbox 845 2733 897 2792; x_wconf 87' lang='grc' dir='ltr'><strong>τόν</strong></span> <span class='ocrx_word' id='word_1_169' title='bbox 919 2729 957 2792; x_wconf 81' lang='grc' dir='ltr'><strong>όκ</strong></span> <span class='ocrx_word' id='word_1_170' title='bbox 978 2731 1135 2794; x_wconf 82' lang='grc' dir='ltr'><strong>λατινικοῦ</strong></span> <span class='ocrx_word' id='word_1_171' title='bbox 1157 2734 1264 2807; x_wconf 73' lang='grc' dir='ltr'><strong>γόνους</strong></span> <span class='ocrx_word' id='word_1_172' title='bbox 1278 2725 1333 2812; x_wconf 83' lang='grc' dir='ltr'><strong>δρ-</strong></span> 
     </span>
     <span class='ocr_line' id='line_1_21' title="bbox 105 2845 1334 2933; baseline 0.003 -25"><span class='ocrx_word' id='word_1_173' title='bbox 105 2849 252 2928; x_wconf 83' lang='grc' dir='ltr'><strong>μάμονον</strong></span> <span class='ocrx_word' id='word_1_174' title='bbox 280 2845 444 2932; x_wconf 81' lang='grc' dir='ltr'><strong>Βαρλαάμ,</strong></span> <span class='ocrx_word' id='word_1_175' title='bbox 470 2847 647 2932; x_wconf 78' lang='grc' dir='ltr'><strong>οίσηνοηκιν</strong></span> <span class='ocrx_word' id='word_1_176' title='bbox 670 2847 788 2930; x_wconf 84' lang='grc' dir='ltr'><strong>αίροσιν</strong></span> <span class='ocrx_word' id='word_1_177' title='bbox 814 2849 860 2921; x_wconf 83' lang='grc' dir='ltr'><strong>τίς</strong></span> <span class='ocrx_word' id='word_1_178' title='bbox 884 2850 939 2932; x_wconf 79' lang='grc' dir='ltr'><strong>την</strong></span> <span class='ocrx_word' id='word_1_179' title='bbox 966 2847 1137 2933; x_wconf 82' lang='grc' dir='ltr'><strong>όκκλησίαν</strong></span> <span class='ocrx_word' id='word_1_180' title='bbox 1158 2851 1247 2924; x_wconf 81' lang='grc' dir='ltr'><strong>θοοῦ,</strong></span> <span class='ocrx_word' id='word_1_181' title='bbox 1279 2853 1334 2912; x_wconf 90' lang='grc' dir='ltr'><strong>καί</strong></span> 
     </span>
     <span class='ocr_line' id='line_1_22' title="bbox 107 2961 1334 3050; baseline 0.001 -23"><span class='ocrx_word' id='word_1_182' title='bbox 107 2961 177 3027; x_wconf 64' lang='lat' dir='ltr'><strong>in!</strong></span> <span class='ocrx_word' id='word_1_183' title='bbox 200 2965 294 3028; x_wconf 82' lang='grc' dir='ltr'><strong>πάλαι</strong></span> <span class='ocrx_word' id='word_1_184' title='bbox 315 2961 404 3048; x_wconf 73' lang='grc' dir='ltr'><strong>α”δου</strong></span> <span class='ocrx_word' id='word_1_185' title='bbox 426 2962 521 3049; x_wconf 84' lang='grc' dir='ltr'><strong>αότης</strong></span> <span class='ocrx_word' id='word_1_186' title='bbox 549 2962 585 3029; x_wconf 88' lang='grc' dir='ltr'><strong>οό</strong></span> <span class='ocrx_word' id='word_1_187' title='bbox 611 2969 842 3050; x_wconf 82' lang='grc' dir='ltr'><strong>καασχόσυυσι,</strong></span> <span class='ocrx_word' id='word_1_188' title='bbox 869 2970 952 3030; x_wconf 80' lang='grc' dir='ltr'><strong>κατὰ</strong></span> <span class='ocrx_word' id='word_1_189' title='bbox 978 2969 1030 3030; x_wconf 85' lang='grc' dir='ltr'><strong>τόν</strong></span> <span class='ocrx_word' id='word_1_190' title='bbox 1057 2969 1206 3050; x_wconf 81' lang='grc' dir='ltr'><strong>σῦτηριον</strong></span> <span class='ocrx_word' id='word_1_191' title='bbox 1232 2968 1334 3045; x_wconf 72' lang='grc' dir='ltr'><strong>λόγον,</strong></span> 
     </span>
     <span class='ocr_line' id='line_1_23' title="bbox 107 3081 1336 3169; baseline 0 -23"><span class='ocrx_word' id='word_1_192' title='bbox 107 3085 240 3146; x_wconf 89' lang='grc' dir='ltr'><strong>συνόδου</strong></span> <span class='ocrx_word' id='word_1_193' title='bbox 273 3085 527 3166; x_wconf 79' lang='grc' dir='ltr'><strong>μοηαλυαροπυῦς</strong></span> <span class='ocrx_word' id='word_1_194' title='bbox 553 3087 819 3169; x_wconf 77' lang='grc' dir='ltr'><strong>σογκροοηθοίσης</strong></span> <span class='ocrx_word' id='word_1_195' title='bbox 846 3083 878 3147; x_wconf 79' lang='grc' dir='ltr'><strong>όν</strong></span> <span class='ocrx_word' id='word_1_196' title='bbox 904 3107 945 3167; x_wconf 79' lang='grc' dir='ltr'><strong>τφ</strong></span> <span class='ocrx_word' id='word_1_197' title='bbox 974 3081 1107 3168; x_wconf 79' lang='grc' dir='ltr'><strong>υόρανίιρ</strong></span> <span class='ocrx_word' id='word_1_198' title='bbox 1136 3089 1253 3166; x_wconf 86' lang='grc' dir='ltr'><strong>τομίντι</strong></span> <span class='ocrx_word' id='word_1_199' title='bbox 1282 3095 1336 3169; x_wconf 81' lang='grc' dir='ltr'><strong>της</strong></span> 
     </span>
     <span class='ocr_line' id='line_1_24' title="bbox 107 3201 1334 3287; baseline 0 -21"><span class='ocrx_word' id='word_1_200' title='bbox 107 3212 164 3266; x_wconf 87' lang='grc' dir='ltr'><strong>τοῦ</strong></span> <span class='ocrx_word' id='word_1_201' title='bbox 186 3207 264 3267; x_wconf 86' lang='grc' dir='ltr'><strong>θοοῦ</strong></span> <span class='ocrx_word' id='word_1_202' title='bbox 285 3203 381 3280; x_wconf 66' lang='grc' dir='ltr'><strong>λόγου</strong></span> <span class='ocrx_word' id='word_1_203' title='bbox 403 3201 526 3287; x_wconf 80' lang='grc' dir='ltr'><strong>Συρίας,</strong></span> <span class='ocrx_word' id='word_1_204' title='bbox 547 3208 790 3286; x_wconf 85' lang='grc' dir='ltr'><strong>προκαθημόνυυ</strong></span> <span class='ocrx_word' id='word_1_205' title='bbox 812 3209 866 3266; x_wconf 90' lang='grc' dir='ltr'><strong>καί</strong></span> <span class='ocrx_word' id='word_1_206' title='bbox 888 3211 941 3266; x_wconf 89' lang='grc' dir='ltr'><strong>τοῦ</strong></span> <span class='ocrx_word' id='word_1_207' title='bbox 957 3204 1100 3287; x_wconf 83' lang='grc' dir='ltr'><strong>ἀοιδίμου</strong></span> <span class='ocrx_word' id='word_1_208' title='bbox 1122 3208 1176 3267; x_wconf 89' lang='grc' dir='ltr'><strong>καί</strong></span> <span class='ocrx_word' id='word_1_209' title='bbox 1198 3209 1334 3287; x_wconf 87' lang='grc' dir='ltr'><strong>μακαρί-</strong></span> 
     </span>
     <span class='ocr_line' id='line_1_25' title="bbox 108 3316 1336 3404; baseline 0 -19"><span class='ocrx_word' id='word_1_210' title='bbox 108 3342 165 3385; x_wconf 86' lang='grc' dir='ltr'><strong>του</strong></span> <span class='ocrx_word' id='word_1_211' title='bbox 186 3329 240 3384; x_wconf 88' lang='grc' dir='ltr'><strong>τοῦ</strong></span> <span class='ocrx_word' id='word_1_212' title='bbox 262 3316 485 3402; x_wconf 84' lang='grc' dir='ltr'><strong>ιόοοβοστάτου</strong></span> <span class='ocrx_word' id='word_1_213' title='bbox 505 3323 560 3384; x_wconf 90' lang='grc' dir='ltr'><strong>καί</strong></span> <span class='ocrx_word' id='word_1_214' title='bbox 585 3324 751 3384; x_wconf 86' lang='grc' dir='ltr'><strong>θιιοτάτου</strong></span> <span class='ocrx_word' id='word_1_215' title='bbox 774 3322 934 3403; x_wconf 81' lang='grc' dir='ltr'><strong>βασιλόιυς,</strong></span> <span class='ocrx_word' id='word_1_216' title='bbox 957 3323 1147 3404; x_wconf 87' lang='grc' dir='ltr'><strong>τοῦπατρὸς</strong></span> <span class='ocrx_word' id='word_1_217' title='bbox 1170 3329 1222 3384; x_wconf 90' lang='grc' dir='ltr'><strong>τοῦ</strong></span> <span class='ocrx_word' id='word_1_218' title='bbox 1246 3319 1336 3398; x_wconf 75' lang='grc' dir='ltr'><strong>αἰχίοο</strong></span> 
     </span>
     <span class='ocr_line' id='line_1_26' title="bbox 108 3434 1336 3523; baseline -0.002 -21"><span class='ocrx_word' id='word_1_219' title='bbox 108 3443 165 3502; x_wconf 87' lang='grc' dir='ltr'><strong>καί</strong></span> <span class='ocrx_word' id='word_1_220' title='bbox 185 3443 351 3521; x_wconf 76' lang='grc' dir='ltr'><strong>κρατίστου</strong></span> <span class='ocrx_word' id='word_1_221' title='bbox 372 3459 432 3522; x_wconf 90' lang='grc' dir='ltr'><strong>μου</strong></span> <span class='ocrx_word' id='word_1_222' title='bbox 454 3434 688 3522; x_wconf 75' lang='grc' dir='ltr'><strong>αὐτοκράτορος,</strong></span> <span class='ocrx_word' id='word_1_223' title='bbox 701 3437 838 3523; x_wconf 77' lang='grc' dir='ltr'><strong>ἀνοράνη</strong></span> <span class='ocrx_word' id='word_1_224' title='bbox 860 3436 878 3504; x_wconf 88' lang='grc' dir='ltr'><strong>ό</strong></span> <span class='ocrx_word' id='word_1_225' title='bbox 899 3438 1054 3523; x_wconf 87' lang='grc' dir='ltr'><strong>Βαρλαάμ</strong></span> <span class='ocrx_word' id='word_1_226' title='bbox 1068 3437 1185 3508; x_wconf 80' lang='grc' dir='ltr'><strong>όκιίνος</strong></span> <span class='ocrx_word' id='word_1_227' title='bbox 1201 3441 1261 3501; x_wconf 82' lang='grc' dir='ltr'><strong>ἀτί</strong></span> <span class='ocrx_word' id='word_1_228' title='bbox 1277 3449 1336 3501; x_wconf 87' lang='grc' dir='ltr'><strong>ιῦν</strong></span> 
     </span>
     <span class='ocr_line' id='line_1_27' title="bbox 109 3547 1335 3642; baseline -0.002 -20"><span class='ocrx_word' id='word_1_229' title='bbox 109 3563 206 3622; x_wconf 86' lang='grc' dir='ltr'><strong>θοίιιν</strong></span> <span class='ocrx_word' id='word_1_230' title='bbox 238 3567 362 3642; x_wconf 79' lang='grc' dir='ltr'><strong>ηραρῦν</strong></span> <span class='ocrx_word' id='word_1_231' title='bbox 389 3558 524 3640; x_wconf 83' lang='grc' dir='ltr'><strong>δυσσοβη</strong></span> <span class='ocrx_word' id='word_1_232' title='bbox 550 3561 605 3620; x_wconf 90' lang='grc' dir='ltr'><strong>καί</strong></span> <span class='ocrx_word' id='word_1_233' title='bbox 630 3547 790 3622; x_wconf 64' lang='lat' dir='ltr'><strong>mom</strong></span> <span class='ocrx_word' id='word_1_234' title='bbox 814 3559 958 3640; x_wconf 72' lang='grc' dir='ltr'><strong>δόγματα</strong></span> <span class='ocrx_word' id='word_1_235' title='bbox 983 3561 1188 3640; x_wconf 76' lang='grc' dir='ltr'><strong>παροιοάηιον,</strong></span> <span class='ocrx_word' id='word_1_236' title='bbox 1216 3562 1270 3620; x_wconf 88' lang='grc' dir='ltr'><strong>καί</strong></span> <span class='ocrx_word' id='word_1_237' title='bbox 1293 3559 1335 3640; x_wconf 81' lang='grc' dir='ltr'><strong>μη</strong></span> 
     </span>
     <span class='ocr_line' id='line_1_28' title="bbox 108 3673 1338 3762; baseline -0.002 -20"><span class='ocrx_word' id='word_1_238' title='bbox 108 3679 252 3761; x_wconf 82' lang='grc' dir='ltr'><strong>θολησας</strong></span> <span class='ocrx_word' id='word_1_239' title='bbox 274 3677 462 3760; x_wconf 78' lang='grc' dir='ltr'><strong>μιταμιλιία</strong></span> <span class='ocrx_word' id='word_1_240' title='bbox 483 3679 667 3760; x_wconf 81' lang='grc' dir='ltr'><strong>χρησασθαι</strong></span> <span class='ocrx_word' id='word_1_241' title='bbox 688 3680 743 3741; x_wconf 88' lang='grc' dir='ltr'><strong>καί</strong></span> <span class='ocrx_word' id='word_1_242' title='bbox 763 3673 951 3762; x_wconf 78' lang='grc' dir='ltr'><strong>ότοταχηναι</strong></span> <span class='ocrx_word' id='word_1_243' title='bbox 972 3686 1011 3760; x_wconf 76' lang='grc' dir='ltr'><strong>τῇ</strong></span> <span class='ocrx_word' id='word_1_244' title='bbox 1033 3676 1196 3759; x_wconf 83' lang='grc' dir='ltr'><strong>όκκλησίορ,</strong></span> <span class='ocrx_word' id='word_1_245' title='bbox 1214 3673 1282 3740; x_wconf 81' lang='grc' dir='ltr'>ἀλλ’</span> <span class='ocrx_word' id='word_1_246' title='bbox 1294 3677 1338 3746; x_wconf 82' lang='grc' dir='ltr'><strong>τίς</strong></span> 
     </span>
     <span class='ocr_line' id='line_1_29' title="bbox 109 3783 1334 3880; baseline 0 -22"><span class='ocrx_word' id='word_1_247' title='bbox 109 3798 163 3859; x_wconf 86' lang='grc' dir='ltr'><strong>τόν</strong></span> <span class='ocrx_word' id='word_1_248' title='bbox 186 3795 266 3860; x_wconf 83' lang='grc' dir='ltr'><strong>ίδιον</strong></span> <span class='ocrx_word' id='word_1_249' title='bbox 292 3795 402 3880; x_wconf 73' lang='grc' dir='ltr'><strong>όμκτυν</strong></span> <span class='ocrx_word' id='word_1_250' title='bbox 427 3791 528 3877; x_wconf 69' lang='grc' dir='ltr'><strong>ὅσπορ</strong></span> <span class='ocrx_word' id='word_1_251' title='bbox 555 3797 636 3858; x_wconf 79' lang='grc' dir='ltr'><strong>κυάν</strong></span> <span class='ocrx_word' id='word_1_252' title='bbox 662 3783 847 3880; x_wconf 71' lang='grc' dir='ltr'><strong>ότιστρόψας</strong></span> <span class='ocrx_word' id='word_1_253' title='bbox 868 3799 923 3858; x_wconf 87' lang='grc' dir='ltr'><strong>καί</strong></span> <span class='ocrx_word' id='word_1_254' title='bbox 945 3794 1080 3871; x_wconf 73' lang='grc' dir='ltr'><strong>γογονιδς</strong></span> <span class='ocrx_word' id='word_1_255' title='bbox 1096 3789 1189 3865; x_wconf 81' lang='grc' dir='ltr'><strong>αὖθις</strong></span> <span class='ocrx_word' id='word_1_256' title='bbox 1203 3795 1334 3871; x_wconf 79' lang='grc' dir='ltr'><strong>λατίνυς,</strong></span> 
     </span>
     <span class='ocr_line' id='line_1_30' title="bbox 111 3909 1335 3998; baseline -0.002 -22"><span class='ocrx_word' id='word_1_257' title='bbox 111 3911 290 3996; x_wconf 74' lang='grc' dir='ltr'><strong>ιἰναθόματι</strong></span> <span class='ocrx_word' id='word_1_258' title='bbox 310 3913 551 3998; x_wconf 81' lang='grc' dir='ltr'><strong>καθυπτβληθη,</strong></span> <span class='ocrx_word' id='word_1_259' title='bbox 573 3915 629 3976; x_wconf 85' lang='grc' dir='ltr'><strong>καί</strong></span> <span class='ocrx_word' id='word_1_260' title='bbox 644 3909 836 3998; x_wconf 77' lang='grc' dir='ltr'><strong>ίκκηρυκτυς</strong></span> <span class='ocrx_word' id='word_1_261' title='bbox 863 3919 916 3976; x_wconf 86' lang='grc' dir='ltr'><strong>τοῦ</strong></span> <span class='ocrx_word' id='word_1_262' title='bbox 942 3921 1000 3974; x_wconf 76' lang='grc' dir='ltr'><strong>τῶν</strong></span> <span class='ocrx_word' id='word_1_263' title='bbox 1026 3921 1139 3974; x_wconf 79' lang='grc' dir='ltr'><strong>πιστῶν</strong></span> <span class='ocrx_word' id='word_1_264' title='bbox 1165 3912 1335 3996; x_wconf 78' lang='grc' dir='ltr'><strong>πληρώμα-</strong></span> 
     </span>
     <span class='ocr_line' id='line_1_31' title="bbox 109 4026 1338 4114; baseline -0.003 -20"><span class='ocrx_word' id='word_1_265' title='bbox 109 4052 163 4102; x_wconf 88' lang='grc' dir='ltr'><strong>τος</strong></span> <span class='ocrx_word' id='word_1_266' title='bbox 184 4036 294 4108; x_wconf 75' lang='grc' dir='ltr'><strong>χόχονο</strong></span> <span class='ocrx_word' id='word_1_267' title='bbox 326 4035 366 4094; x_wconf 87' lang='grc' dir='ltr'><strong>τά</strong></span> <span class='ocrx_word' id='word_1_268' title='bbox 388 4026 466 4094; x_wconf 80' lang='grc' dir='ltr'><strong>αότά</strong></span> <span class='ocrx_word' id='word_1_269' title='bbox 488 4031 533 4106; x_wconf 83' lang='grc' dir='ltr'><strong>δό,</strong></span> <span class='ocrx_word' id='word_1_270' title='bbox 556 4029 639 4114; x_wconf 82' lang='grc' dir='ltr'><strong>ίιράς</strong></span> <span class='ocrx_word' id='word_1_271' title='bbox 662 4033 791 4095; x_wconf 78' lang='grc' dir='ltr'><strong>συνόδου</strong></span> <span class='ocrx_word' id='word_1_272' title='bbox 813 4029 919 4112; x_wconf 84' lang='grc' dir='ltr'><strong>ότόρας</strong></span> <span class='ocrx_word' id='word_1_273' title='bbox 941 4033 1117 4112; x_wconf 70' lang='grc' dir='ltr'><strong>γενομένης,</strong></span> <span class='ocrx_word' id='word_1_274' title='bbox 1133 4028 1338 4101; x_wconf 71' lang='grc' dir='ltr'><strong>τόπονθοκαὶ</strong></span> 
     </span>
     <span class='ocr_line' id='line_1_32' title="bbox 110 4147 1338 4233; baseline -0.004 -18"><span class='ocrx_word' id='word_1_275' title='bbox 110 4147 328 4219; x_wconf 82' lang='grc' dir='ltr'><strong>όἈκίνδυνυς</strong></span> <span class='ocrx_word' id='word_1_276' title='bbox 349 4147 475 4224; x_wconf 80' lang='grc' dir='ltr'><strong>όκοίνος,</strong></span> <span class='ocrx_word' id='word_1_277' title='bbox 497 4152 536 4212; x_wconf 82' lang='grc' dir='ltr'><strong>τά</strong></span> <span class='ocrx_word' id='word_1_278' title='bbox 562 4157 615 4212; x_wconf 88' lang='grc' dir='ltr'><strong>τοῦ</strong></span> <span class='ocrx_word' id='word_1_279' title='bbox 635 4147 790 4232; x_wconf 82' lang='grc' dir='ltr'><strong>Βαρλαάμ</strong></span> <span class='ocrx_word' id='word_1_280' title='bbox 816 4157 934 4233; x_wconf 87' lang='grc' dir='ltr'><strong>ρρσνῦν</strong></span> <span class='ocrx_word' id='word_1_281' title='bbox 959 4151 1015 4209; x_wconf 90' lang='grc' dir='ltr'><strong>καί</strong></span> <span class='ocrx_word' id='word_1_282' title='bbox 1041 4148 1214 4210; x_wconf 86' lang='grc' dir='ltr'><strong>διοκδικῦν.</strong></span> <span class='ocrx_word' id='word_1_283' title='bbox 1242 4169 1338 4230; x_wconf 78' lang='grc' dir='ltr'><strong>ματα-</strong></span> 
     </span>
     <span class='ocr_line' id='line_1_33' title="bbox 110 4263 1338 4352; baseline -0.002 -20"><span class='ocrx_word' id='word_1_284' title='bbox 110 4270 241 4352; x_wconf 88' lang='grc' dir='ltr'><strong>δοαίμου</strong></span> <span class='ocrx_word' id='word_1_285' title='bbox 262 4271 361 4330; x_wconf 82' lang='grc' dir='ltr'><strong>τοίνυν</strong></span> <span class='ocrx_word' id='word_1_286' title='bbox 376 4277 431 4350; x_wconf 81' lang='grc' dir='ltr'><strong>της</strong></span> <span class='ocrx_word' id='word_1_287' title='bbox 453 4269 622 4350; x_wconf 83' lang='grc' dir='ltr'><strong>δοσσοβυῦς</strong></span> <span class='ocrx_word' id='word_1_288' title='bbox 644 4269 755 4350; x_wconf 81' lang='grc' dir='ltr'><strong>ταύτης</strong></span> <span class='ocrx_word' id='word_1_289' title='bbox 770 4267 871 4350; x_wconf 78' lang='grc' dir='ltr'><strong>δόξης,</strong></span> <span class='ocrx_word' id='word_1_290' title='bbox 887 4263 929 4336; x_wconf 81' lang='grc' dir='ltr'><strong>ὣς</strong></span> <span class='ocrx_word' id='word_1_291' title='bbox 944 4267 1116 4349; x_wconf 78' lang='grc' dir='ltr'><strong>λοιμώδους</strong></span> <span class='ocrx_word' id='word_1_292' title='bbox 1131 4269 1233 4342; x_wconf 87' lang='grc' dir='ltr'><strong>νόσου,</strong></span> <span class='ocrx_word' id='word_1_293' title='bbox 1250 4267 1338 4330; x_wconf 87' lang='grc' dir='ltr'><strong>καθ-</strong></span> 
     </span>
     <span class='ocr_line' id='line_1_34' title="bbox 111 4382 1340 4474; baseline -0.003 -24"><span class='ocrx_word' id='word_1_294' title='bbox 111 4390 277 4474; x_wconf 83' lang='grc' dir='ltr'><strong>οατηουίας</strong></span> <span class='ocrx_word' id='word_1_295' title='bbox 297 4389 528 4471; x_wconf 89' lang='grc' dir='ltr'><strong>πρυσιρρόησαν</strong></span> <span class='ocrx_word' id='word_1_296' title='bbox 550 4390 605 4450; x_wconf 93' lang='grc' dir='ltr'><strong>καί</strong></span> <span class='ocrx_word' id='word_1_297' title='bbox 626 4403 705 4456; x_wconf 84' lang='grc' dir='ltr'><strong>τινος</strong></span> <span class='ocrx_word' id='word_1_298' title='bbox 726 4395 786 4450; x_wconf 83' lang='grc' dir='ltr'><strong>τῦν</strong></span> <span class='ocrx_word' id='word_1_299' title='bbox 811 4394 865 4470; x_wconf 82' lang='grc' dir='ltr'><strong>της</strong></span> <span class='ocrx_word' id='word_1_300' title='bbox 891 4382 1076 4469; x_wconf 74' lang='grc' dir='ltr'><strong>ἐκκλησίας,</strong></span> <span class='ocrx_word' id='word_1_301' title='bbox 1103 4393 1157 4468; x_wconf 85' lang='grc' dir='ltr'><strong>της</strong></span> <span class='ocrx_word' id='word_1_302' title='bbox 1185 4383 1340 4469; x_wconf 79' lang='grc' dir='ltr'><strong>ἀληθιίας</strong></span> 
     </span>
     <span class='ocr_line' id='line_1_35' title="bbox 111 4499 1337 4589; baseline -0.005 -19"><span class='ocrx_word' id='word_1_303' title='bbox 111 4504 385 4589; x_wconf 77' lang='grc' dir='ltr'><strong>ἀτοπλανηθόντος</strong></span> <span class='ocrx_word' id='word_1_304' title='bbox 407 4503 492 4580; x_wconf 88' lang='grc' dir='ltr'><strong>όδοῦ,</strong></span> <span class='ocrx_word' id='word_1_305' title='bbox 515 4501 582 4568; x_wconf 84' lang='grc' dir='ltr'><strong>ότι</strong></span> <span class='ocrx_word' id='word_1_306' title='bbox 599 4507 796 4588; x_wconf 75' lang='grc' dir='ltr'><strong>χρηματίσας</strong></span> <span class='ocrx_word' id='word_1_307' title='bbox 815 4501 947 4588; x_wconf 83' lang='grc' dir='ltr'><strong>Ἐρίσυο</strong></span> <span class='ocrx_word' id='word_1_308' title='bbox 966 4501 1082 4574; x_wconf 79' lang='grc' dir='ltr'><strong>όκοῦνος</strong></span> <span class='ocrx_word' id='word_1_309' title='bbox 1103 4505 1159 4566; x_wconf 92' lang='grc' dir='ltr'><strong>καί</strong></span> <span class='ocrx_word' id='word_1_310' title='bbox 1178 4499 1337 4576; x_wconf 86' lang='grc' dir='ltr'><strong>όΓάννοο,</strong></span> 
     </span>
    </p>
   </div>
   <div class='ocr_carea' id='block_1_6' title="bbox 0 0 1651 5282">
    <p class='ocr_par' dir='ltr' id='par_1_6' title="bbox 0 0 1651 5282">
     <span class='ocr_line' id='line_1_36' title="bbox 0 0 1651 5282; baseline 0 0"><span class='ocrx_word' id='word_1_311' title='bbox 0 0 1651 5282; x_wconf 95' lang='lat' dir='ltr'><strong> </strong></span> 
     </span>
    </p>
   </div>
  </div>
 </body>
</html>
