3282 5270
330 295 393 356 514

330 479 445 564 δμοίως
466 477 521 542 καὶ
543 475 563 564 ἡ
584 481 658 562 πρὸς
680 481 797 562 Δόμνυν
820 479 965 563 ἐπιστολὴ
988 489 1041 544 τοῦ
1069 477 1158 556 ἀγίου
1184 480 1338 564 Κυρίλλου
1368 482 1443 544 τάδε
1470 487 1548 567 ρησί

330 599 363 662 όν
391 604 491 684 μίρει·
523 599 672 683 κειμήλια
694 603 750 682 μίν
773 604 832 682 γὰρ
853 604 908 664 καί
929 603 1054 684 κτήσεις
1077 597 1239 684 ἀκινήτους
1271 599 1462 684 ἀνεκπυίητα
1482 612 1550 671 ταῖς

329 716 510 803 ἀκκλησίαις
543 719 703 789 σώζεσθαι
735 719 805 801 χρη,
839 715 998 802 ἐκποίηυις
1020 719 1054 780 δί
1077 717 1157 780 ἐστιν
1178 714 1198 801 ἡ
1221 722 1391 800 μετάθεσις
1413 727 1469 803 τῆς
1490 721 1548 781 δε-

328 841 472 906 σποτείας
498 833 592 918 ἤγουν
619 831 638 918 ἡ
661 835 770 917 δωρεὰ,
793 831 812 919 ἡ
835 845 955 917 πρᾶσις,
981 829 1001 918 ἡ
1024 832 1216 920 ἀμφύτευσις,
1248 832 1267 919 ἡ
1291 835 1470 918 ἀνταλλαγή
1492 839 1549 897 καί

328 959 366 1017 τὰ
389 952 497 1038 ὅμοια,
530 954 655 1025 ἔκδυσις
677 955 711 1016 δὲ
734 951 753 1036 ἡ
777 952 824 1015 ἐπί
846 957 1019 1036 προσώποις
1040 952 1060 1038 ἢ
1083 957 1205 1037 χρόνοις
1231 953 1409 1036 ὡρισμένοις
1441 973 1548 1035 παρα-

327 1073 442 1157 πυμπὴ,
476 1083 731 1156 καταχρηστικῶς
765 1074 800 1134 δὲ
831 1093 873 1134 κα
907 1069 1075 1157 ηόκδοσις
1097 1071 1254 1160 ἐκποίητος
1276 1073 1414 1150 λίγεεαι,
1448 1067 1546 1154 καὶὴ

325 1192 485 1277 ἀκποίησις
507 1193 641 1263 ἔκδυσις.
664 1189 776 1273 ὁμοίως
798 1197 852 1254 καί
873 1189 890 1254 ό
911 1192 1184 1264 πεντεκαιδίκατυς
1212 1194 1312 1256 κανύνν
1334 1201 1388 1276 τῆς
1411 1193 1445 1254 δν
1467 1190 1547 1266 Ἀγ-

322 1313 406 1394 κύρα
438 1311 566 1374 συνόδου
589 1311 693 1373 τοιοίδε
720 1315 808 1394 ρηυί·
835 1314 902 1392 περί
928 1321 985 1372 τῶν
1011 1311 1212 1396 διαφερόντων
1244 1313 1286 1393 τῷ
1305 1309 1444 1393 κυριακιμ
1473 1309 1548 1392 ἤτοι

325 1441 363 1514 τῇ
387 1430 549 1512 ἀκκληαίυγ,
572 1425 632 1491 ὅσα
654 1427 820 1490 ἀπισκόπυσ
843 1413 883 1511 μή
907 1426 993 1500 ὄντος
1014 1431 1210 1510 πρεσβύτεροι
1233 1427 1403 1512 ἀπύληυαν,
1419 1425 1547 1490 ἀνακα-

319 1549 450 1622 ,λκίσθαι
472 1549 506 1610 τό
528 1550 684 1629 κυριακὸν,
707 1545 739 1608 ὲν
761 1549 795 1608 δὲ
819 1557 855 1629 τῇ
877 1552 976 1629 κρίσει
997 1555 1050 1608 πού
1072 1544 1239 1610 ἐπισκόπου
1261 1545 1346 1622 εἶναι,
1369 1547 1429 1612 εἴτε
1443 1567 1545 1628 προσ-

321 1669 397 1749 ἠκει
431 1663 597 1744 ἀπολαβεῖν
624 1667 678 1748 την
704 1667 792 1748 τιμὴν
822 1666 892 1736 τούς
919 1675 1024 1736 κακῶς
1055 1662 1284 1748 ὠνησαμίνυυς,
1316 1665 1376 1727 εἴτε
1403 1669 1460 1730 καί
1487 1667 1544 1746 μὴ,

324 1783 376 1845 διά
398 1784 433 1844 τό
453 1783 604 1853 πολλάκις
626 1783 679 1866 τὴν
700 1784 851 1863 πρόσοδον
873 1791 931 1844 τῶν
956 1789 1151 1864 πεπραμένων
1185 1779 1416 1848 ἀποδεδωκέναι
1438 1779 1547 1851 αὑτοῖς

324 1901 443 1971 τούτοις
472 1901 599 1963 πλείονα
626 1901 679 1982 τήν
705 1903 803 1982 τιμήν.
835 1904 890 1962 καί
911 1897 930 1984 ἡ
954 1901 1009 1983 μα’
1029 1910 1084 1962 τυύ
1111 1901 1138 1978 γ’
1163 1902 1265 1965 τίτλυο
1284 1901 1426 1973 ’διάταξις
1460 1897 1544 1963 οὑτω

317 2023 420 2104 φησί·
453 2017 523 2084 κατ’
544 2017 681 2081 ίνιαυτόν
703 2015 720 2080 ό
742 2017 906 2100 οἰκονόμος
920 2021 1130 2100 Ιπαρατίθεται
1150 2019 1244 2094 λόγον
1264 2029 1319 2104 τῆς
1341 2015 1435 2080 αύτυύ
1459 2021 1545 2080 διοι·

323 2139 446 2220 κήσεως
468 2137 510 2218 τῴ
531 2135 694 2218 ἐπισκόπιρ,
716 2136 771 2199 καί
793 2135 986 2212 ἀποδίδωσιν,
999 2136 1029 2199 εί
1047 2159 1076 2198 τι
1097 2148 1178 2224 ρανη
1201 2139 1321 2220 βλάψας
1335 2135 1356 2220 ἤ
1370 2137 1544 2220 κερδήσας,

324 2255 352 2318 εί
374 2257 408 2316 δὲ
432 2257 606 2339 τελευτήσει
627 2259 684 2336 πρό
707 2265 765 2318 των
786 2257 949 2338 λογισμῶν,
972 2253 1148 2327 ὑπόκεινται
1170 2257 1285 2326 τούτοις
1304 2254 1335 2319 οἱ
1347 2257 1545 2338 κληρονόμοι

324 2371 431 2436 αόεού.
454 2372 508 2435 καὶ
536 2369 555 2456 ἡ
583 2372 632 2436 κατ’
658 2373 793 2446 διάταξις
823 2383 876 2436 τοῦ
905 2373 930 2454 β’
955 2375 1056 2436 τίτλου
1078 2377 1183 2459 φησίν,
1206 2371 1253 2436 ότι
1274 2371 1291 2438 ό
1314 2376 1357 2457 μή
1380 2371 1418 2438 δι’
1442 2373 1544 2455 ἀνάρ-

322 2511 405 2576 ρυσιν
429 2490 632 2573 αἰχμαλώτων
655 2489 814 2573 ἀγοράζων
837 2489 902 2573 ἱερὰ
925 2493 1022 2574 σκεύη
1050 2539 1131 2557 ....

804 2609 924 2695 reliqua
938 2609 1057 2674 όεευυί.

562 2795 713 2862 cchxll.
731 2795 969 2877 (6880-1371)
985 2795 1160 2880 septembri.
1176 2793 1238 2857 ind.
1254 2796 1297 2858 X

406 2936 578 2991 Ραίτύατσάυ
589 2939 736 3008 profitetur
753 2936 946 2989 Τδαυιίοκείτιυι
960 2938 1096 3005 quomam
1110 2939 1217 2989 υεκίαιπ
1230 2955 1287 2990 cuo
1301 2937 1440 3008 αάερίνπε.

310 3116 315 3130 ·
403 3083 797 3165 ῒΠατριαρχικόν
827 3085 1010 3164 ,γράμμα
1037 3077 1141 3162 ὑπὲρ
1174 3089 1249 3145 τού
1279 3085 1399 3164 πάπα
1430 3083 1540 3150 Θευ-

320 3205 520 3286 δωρὴτυυ
551 3205 580 3279 μ

402 3327 421 3400 †
437 3321 520 3384 Ἐπεί
535 3315 728 3402 ἀγνοίρισενὴ
746 3321 903 3402 μετριότης
917 3315 1003 3402 ἡμῶν
1014 3319 1096 3398 παρά
1107 3339 1139 3379 τι
1152 3326 1205 3380 τυύ
1217 3321 1379 3399 τιμιωτάτυ
1395 3321 1540 3401 μεγάλου

316 3429 549 3524 σκευορύλακυς
570 3441 626 3500 καί
647 3437 897 3520 δικαιυρύλακυς,
914 3437 1059 3497 διακόνου
1073 3444 1131 3516 κύρ
1147 3435 1299 3517 Γεωργίου
1314 3445 1366 3500 τού
1382 3436 1537 3522 Περδίκη,

315 3563 369 3621 καί
391 3567 444 3622 τού
466 3559 648 3640 τιμιωτάτου
670 3553 701 3616 όν
718 3567 864 3636 μοναχυῖς
879 3563 935 3635 κύρ
950 3553 1112 3627 Μωυσέως,
1129 3551 1326 3618 ἀπελθόντων
1342 3554 1386 3626 εἰς
1400 3560 1440 3618 τά
1455 3553 1536 3636 Τρί-

314 3678 398 3738 καλα
431 3679 484 3739 καί
517 3673 761 3746 ἐπανελθόντων,
787 3669 828 3742 ὡς
850 3669 867 3732 ό
888 3675 992 3742 πάπας
1014 3672 1208 3753 Θεοδύρητυς
1231 3669 1406 3752 εὑρίσκεται
1429 3670 1534 3738 όκεῖυε

315 3797 392 3875 μετά
415 3801 467 3855 τοῦ
490 3791 652 3874 ίερωτοίτυυ
674 3790 895 3873 μητρυπυλίτου
917 3787 1075 3872 Λαρίσσης
1098 3795 1152 3852 καί
1167 3785 1340 3872 ὑπερτίμου,
1364 3786 1455 3866 ὑγιῶς
1477 3797 1535 3855 καί
1639 3795 1640 3800 ’

315 3907 417 3992 όρθως
438 3914 512 3992 πρὸς
534 3914 572 3972 τά
594 3918 648 3992 τῆς
670 3907 838 3990 ἐκκλησίας
860 3909 1000 3988 δόγματα
1022 3908 1224 3988 διακείμενος,
1247 3906 1397 3990 ἀνήνεγκε
1419 3908 1455 3970 δέ
1476 3913 1534 3972 καί

316 4025 333 4090 ό
356 4025 516 4109 ἱερύτατυς
541 4028 943 4111 μητρυπολίεηςΛαρίσσης,
966 4024 1007 4096 ὡς
1030 4027 1112 4089 ἔστιν
1134 4021 1222 4096 υύτος
1238 4023 1454 4110 εὑρισκόμενος
1475 4033 1533 4091 καί

314 4143 356 4214 τίς
379 4141 532 4228 ὑποταγὴν
555 4143 648 4208 αὑτοῦ
670 4149 724 4206 καί
746 4150 842 4227 μένων
864 4140 965 4224 όρθύνς
986 4145 1061 4225 πρὸς
1083 4144 1136 4225 τὴν
1159 4141 1341 4226 ἐκκλησίαν,
1374 4149 1429 4206 καί
1453 4146 1530 4227 ἀζή-

313 4282 415 4340 τησεν,
436 4261 487 4324 ἵνα
509 4265 588 4346 τύχη
611 4261 833 4344 συγχωρήσεως
855 4265 910 4322 καί
930 4260 1085 4343 ἱερουργῇ,
1108 4259 1212 4344 ἀπτιδή
1236 4261 1357 4346 ἔφθασε
1380 4265 1434 4324 καί
1457 4259 1530 4324 ἐπε-

315 4373 420 4462 σχέθη
450 4391 506 4464 τῆς
539 4379 700 4463 ἱερωσύνης
734 4377 827 4443 αότυύ
850 4379 898 4441 ύπί
920 4383 1027 4461 καιράν
1048 4384 1132 4462 παρὰ
1155 4389 1208 4463 τῆς
1231 4379 1315 4462 ἱερᾶς
1336 4380 1476 4454 συνόδου,
1508 4402 1528 4464 η

315 4501 473 4581 μετριότης
494 4495 590 4582 ἡμῶν,
612 4501 646 4560 τό
668 4501 763 4581 παρὸν
786 4495 963 4560 ἀπολύουσα
996 4500 1123 4581 γράμμα
1157 4495 1261 4578 αὐτῆς,
1282 4496 1529 4578 παρακελεύεται
