3282 5270
309 287 372 352 510

311 473 433 558 έχοντα,
467 471 590 557 δαίτην
611 479 664 536 τοιῖ
687 469 882 546 ἀπολωλότος
908 469 974 546 όνός
1007 475 1132 560 ζήτησιν
1164 475 1316 560 καθηκεν.
1350 473 1440 541 ένθεν
1472 497 1525 541 τοι

309 594 365 655 καί
401 591 455 675 την
492 587 662 676 άγιιιτάτην
696 590 925 678 Φιλαδελφείας
961 592 1165 677 μητρόπολιν,
1204 589 1304 666 πολλὰ
1335 595 1525 680 φιλοσμένην

308 709 375 793 θεῷ
396 713 450 774 καί
470 711 522 774 διὰ
544 717 632 772 τοῦτο
653 713 708 772 καί
729 715 821 794 μέχρι
842 711 947 781 τέλοος
979 708 1135 776 ἀνάλωτον
1160 716 1345 798 τηρουμένην
1381 717 1437 776 καί
1457 734 1524 797 μη-

309 827 459 893 δενίποτ’
483 827 597 892 ἀντῶν
620 825 718 891 έθνων
741 823 857 912 αὐχένα
881 830 982 892 κλῖναι
1013 835 1291 914 προοτεταγμένην,
1323 835 1455 914 ποιμένα
1487 851 1522 892 τε

308 951 498 1013 πλουτοῦσαν
520 950 571 1011 τόν
592 947 711 1029 Ἀαρὼν
732 949 783 1011 τόν
805 958 858 1012 τοό
886 951 963 1012 θεοῦ
988 946 1134 1012 έκλεκτόν
1155 949 1211 1012 καὶ
1243 961 1307 1020 ταῖς
1339 944 1433 1011 αὐτοῦ
1465 950 1521 1012 σόν

309 1079 370 1140 τοῖς
391 1068 496 1142 λόγοις
517 1086 550 1128 τε
571 1069 626 1128 καί
644 1065 828 1148 διδάγμααιν
844 1060 952 1149 εὐχαῖς
964 1070 1252 1149 κατεατηριγμένην,
1275 1070 1393 1148 μητέρα
1408 1067 1520 1128 τούτων

309 1185 348 1268 δη
370 1194 428 1246 τῶν
450 1183 718 1268 καταλειφθέντων
731 1186 786 1245 καί
800 1183 982 1266 μητρόπολιν
996 1183 1093 1245 καλὸν
1113 1184 1215 1256 ἔδοξεν
1231 1179 1301 1267 ἡμῖν
1315 1193 1520 1266 καταστῆσαι,

309 1299 345 1366 τό
368 1303 457 1375 δόξαν
480 1302 597 1384 μᾶλλον
620 1297 697 1385 αὓτη
718 1309 945 1385 παρεχομένην,
969 1297 1041 1364 ὅσον
1063 1297 1165 1372 αὐτοῖς
1190 1303 1243 1385 την
1267 1300 1316 1364 ἀπ’
1339 1298 1434 1384 αὐτῆς
1456 1323 1520 1363 σω-

309 1418 414 1506 τηρίαν
436 1424 490 1482 καί
512 1421 565 1502 τὴν
586 1417 766 1502 ἀσφάλειαν.
792 1419 1078 1503 αονδιασκεψαμόνη
1100 1425 1197 1481 τοίνον
1219 1422 1257 1482 τὰ
1281 1423 1348 1502 περὶ
1369 1421 1477 1482 τούτου
1499 1416 1519 1504 ἡ

310 1541 468 1621 μετριότης
500 1532 585 1619 ἡμῶν
608 1546 645 1620 τῇ
667 1539 735 1617 περί
758 1532 850 1618 αὐτην
883 1533 1029 1620 δμηγόρει
1061 1547 1119 1598 τῶν
1151 1535 1320 1618 ίερωτάτων
1352 1533 1519 1618 ἀρχιερέων

307 1661 363 1718 καί
385 1653 562 1737 όπερτίμων,
585 1655 626 1736 τῷ
646 1653 784 1738 Ἐφέοοο,
807 1653 848 1736 περ
861 1652 1006 1731 Κυζίκου,
1029 1653 1071 1739 τῷ
1082 1651 1225 1730 Νικαίας,
1248 1655 1291 1738 τηῖ
1307 1654 1517 1738 Χαλκηδόνος,

308 1776 350 1856 τῷ
371 1773 521 1858 Βράσειος,
544 1773 585 1856 περ
606 1771 813 1854 Περιθεωρίοο
835 1777 889 1836 καί
910 1773 951 1856 τῷ
970 1773 1116 1857 Μελητου,
1138 1779 1275 1858 πέπραχε
1297 1775 1350 1857 τὴν
1373 1777 1426 1856 μὲν
1447 1771 1517 1855 ἐνο-

307 1896 375 1974 ρίαν
406 1901 507 1956 πάσαν
529 1899 587 1953 πεῖν
609 1889 762 1974 Σάρδεων,
795 1887 853 1974 ὅση
875 1895 919 1962 τίς
947 1889 1037 1968 έστιν,
1063 1890 1139 1954 εἶναι
1172 1887 1229 1954 ὑπό
1260 1892 1313 1975 την
1346 1888 1518 1972 άγιατάτην

308 2011 418 2092 ταύτην
442 2009 634 2092 μητρόπολιν,
656 2010 767 2092 ταύτην
789 2005 815 2072 δ’
838 2005 981 2080 ιδααότως
1003 2009 1056 2094 τὴν
1078 2019 1135 2073 τῶν
1157 2008 1300 2092 Σάρδεων
1325 2013 1520 2092 κεκτημένην

307 2131 398 2190 τόπον
421 2132 473 2188 καί
494 2129 614 2208 θρόνον,
636 2135 724 2188 τοῦτο
747 2125 791 2197 είς
812 2127 864 2188 τόν
885 2124 960 2210 ἑξῆς·
976 2124 1095 2191 ἅπαντα
1115 2130 1226 2211 χρόνον
1258 2127 1344 2204 εἶναι,
1377 2125 1450 2210 ὅπερ
1482 2127 1519 2189 αἱ

307 2247 434 2329 Σάρδεις
456 2243 545 2328 ησαν,
566 2245 670 2316 καλῶς
693 2244 823 2328 έχοοοαι
844 2251 898 2308 καί
920 2249 1009 2329 μήπω
1030 2256 1069 2330 τη
1093 2255 1151 2311 τῶν
1177 2245 1276 2309 έθνιῖεν
1297 2249 1415 2333 φθορά,
1436 2249 1518 2310 θεοῦ

306 2367 595 2448 παραχωρήσαντος,
611 2361 799 2426 έκδοθεῖσαι.
821 2362 940 2436 όξέαται
961 2369 1057 2428 τοίνον
1072 2367 1107 2428 τό
1123 2361 1183 2427 ἀπό
1198 2367 1287 2428 τοῦδε
1302 2365 1344 2448 τῷ
1364 2363 1517 2448 ἱερωτάτην

306 2482 512 2566 μητροπολίτη
534 2480 775 2564 Φιλαδελφείας,
809 2477 958 2564 όαερτίμιρ
980 2483 1035 2544 καί
1056 2483 1176 2566 έξάρχιρ
1200 2486 1302 2566 πάσης
1323 2481 1450 2559 Λυδίας,
1481 2481 1518 2546 έν

307 2597 384 2682 άγίιρ
406 2603 552 2683 πνεύματι
574 2597 721 2682 ἀγαπητῷ
742 2597 865 2684 ἀδελφῷ
885 2605 939 2662 καί
961 2600 1181 2684 σολλειτοοργῷ
1204 2609 1258 2684 τῆς
1283 2599 1369 2685 ἡμῶν
1392 2604 1518 2685 μκτριό-

306 2739 405 2801 τητος,
428 2723 542 2801 γνηαίιρ
564 2715 627 2782 ὄντι
649 2715 783 2800 ἀρχιερεῖ
803 2721 857 2778 καί
878 2726 932 2800 τῆς
953 2717 1200 2800 περιλειφθείσης
1222 2715 1342 2798 ἀνομίας
1357 2728 1416 2780 τῶν
1430 2717 1516 2798 Σάρ-

306 2837 392 2910 δεων,
416 2839 554 2919 μετέχειν
575 2837 693 2898 πάντων
715 2845 773 2897 τῶν
796 2834 967 2918 ἀνηκόντων
990 2834 1032 2918 τᾷ
1051 2835 1177 2916 τοιοότιρ
1198 2837 1310 2917 θρόνιρ,
1342 2833 1437 2916 ἤγουν
1458 2843 1515 2897 τοῦ

304 2975 337 3016 τε
359 2955 451 3017 τόποο
472 2957 526 3016 καί
547 2963 600 3038 της
623 2951 654 3015 έν
677 2964 740 3025 ταῖς
762 2952 855 3036 ἱεραίς
878 2955 1016 3025 σονάξεσι
1031 2956 1166 3024 στάσεως
1191 2957 1245 3016 καί
1266 2955 1435 3040 καθέδρας,
1457 2961 1514 3016 τοῦ

305 3093 337 3134 τε
359 3073 521 3142 διακόνους
542 3071 597 3134 καὶ
616 3073 834 3154 πρισβοτέροος
858 3083 1055 3155 χειροτονεῖν,
1088 3070 1271 3144 έπισκόποος
1304 3071 1335 3135 ἐν
1366 3084 1435 3144 ταῖς
1463 3070 1516 3137 ὁπ’

307 3185 401 3261 αδτάς
424 3187 592 3272 ἐκκλησίας
614 3187 803 3267 έγκαθιατᾶν
825 3187 879 3252 καὶ
902 3187 1004 3260 ἁπλῶς
1026 3189 1115 3252 εἰπεῖν
1129 3193 1228 3254 πάντα
1241 3202 1335 3253 ποιεῖν
1348 3195 1403 3253 καί
1415 3195 1515 3274 πράτ-

308 3325 379 3384 τειν,
402 3303 461 3370 ὅσα
482 3317 558 3370 πᾶσι
579 3317 640 3378 τοῖς
662 3307 796 3390 γνησίοις
812 3305 1004 3390 ἀρχιερεῦσιν
1020 3306 1051 3370 έν
1066 3319 1131 3400 ταῖς
1146 3304 1193 3371 ἀπ’
1208 3305 1318 3380 αὐτοὺς
1332 3307 1515 3393 ἐκκλησίαις

305 3423 414 3508 ἀνήκει
445 3437 552 3501 ποιεῖν,
585 3435 643 3488 τιῑιν
664 3426 930 3508 καταλειφθέντων
964 3435 1060 3506 μερῶν
1086 3423 1204 3508 έκείνης
1236 3421 1441 3510 ἀποκειμένων
1473 3439 1513 3511 τη

306 3540 460 3626 ἀγιιοτάτη
493 3543 677 3627 μητροπόλει
699 3542 943 3626 Φιλαδελφείας,
970 3541 1133 3626 δφειλοόαη
1156 3547 1210 3618 καί
1231 3547 1281 3607 τόν
1304 3548 1394 3608 τόπον
1428 3546 1513 3629 ἔχειν

304 3665 358 3724 καί
380 3662 432 3744 την
454 3660 542 3744 τιμήν
563 3665 617 3724 καί
638 3663 819 3742 τάνθρόνον
835 3659 961 3743 ἐκείνης,
985 3658 1026 3731 ιδς
1049 3660 1174 3744 εἴρηται,
1198 3660 1377 3747 όφιιλόντων
1391 3666 1518 3727 πάντων·

305 3787 363 3839 των
387 3775 418 3840 λν
441 3775 545 3849 αὐταῖς
567 3774 787 3861 εὑρισκομένων
810 3787 989 3862 χριστιανιῖν
1012 3763 1194 3842 ὑποκεῖσθαι
1210 3777 1290 3863 αὐτῷ
1313 3781 1351 3864 δὴ
1366 3780 1409 3864 τῷ
1422 3779 1513 3866 ίιρω·

304 3897 385 3976 τάτιρ
408 3897 615 3978 μητροπολίτη
638 3895 865 3982 Φιλαδελφείας
886 3899 939 3958 καί
960 3898 1150 3978 πειθαρχεῖν,
1173 3895 1215 3970 ὥς
1241 3905 1353 3982 γνησίῳ
1376 3897 1515 3984 ἀρχιερεῖ

303 4015 359 4074 καί
380 4011 551 4096 διαλλακτῇ
572 4016 627 4075 καί
648 4019 756 4096 μεσίτη
780 4010 876 4076 αὐτῶν
899 4016 937 4075 τὰ
957 4016 1030 4096 πρός
1057 4015 1106 4074 τόν
1139 4017 1228 4090 θεόν,
1261 4017 1392 4098 μηδενός
1424 4003 1511 4087 δντος

303 4137 358 4192 τοῦ
379 4129 583 4214 πλεονεκτικιρ
603 4152 659 4195 τινι
680 4135 778 4215 τρόπῳ
800 4134 1063 4214 παρεισαχθέντος
1084 4135 1139 4193 καί
1162 4131 1193 4194 έν
1215 4145 1253 4217 τῇ
1275 4131 1377 4217 ένορίη
1398 4137 1510 4196 τούτων

305 4245 455 4330 ίιρατικόν
487 4267 515 4308 τι
538 4249 809 4332 βοοληθησομένοο
833 4253 906 4312 ποτό
929 4249 1165 4330 διαπράξασθαι.
1199 4250 1241 4322 είς
1267 4255 1325 4334 γὰρ
1357 4253 1411 4334 την
1441 4255 1511 4332 περί

305 4365 412 4426 τοότοο
444 4363 613 4448 ἀσφάλειαν
646 4365 830 4430 ἀπολέλοται
861 4363 955 4452 καίὴ
983 4377 1122 4450 παροοοα
1154 4369 1303 4452 αονοδικΐη
1319 4370 1425 4452 πρᾶξις
1455 4377 1509 4452 της

303 4477 389 4566 ἡμῶν
412 4485 604 4566 μετριότητος
625 4488 655 4562 †.
