3258 5282
1267 281 1324 344 361

80 482 146 534 τῶν
179 472 354 556 ἱερωτάτων
384 471 551 554 ἀρχιερέων
579 475 634 534 καί
657 465 838 552 ύπερτῖμων,
864 478 918 532 τού
945 491 976 530 τε
1002 469 1251 550 Χριστουπύλεσς
1273 471 1329 528 καί

79 601 140 653 τού
166 591 363 675 Κελτξηνης,
386 588 433 652 ὅτι
455 590 584 674 ἀληθῶς
608 591 735 652 ἐνώπιον
758 585 856 650 αὐτῶν
879 592 1049 670 γενομένων
1073 584 1234 670 αὐτήκόων
1250 583 1329 658 ἐξεῖ-

78 733 142 774 πεν
171 709 266 783 οὖτος
290 711 364 774 αὐτὸ
380 715 432 773 καί
448 709 651 794 ἀνακάλυψιν,
675 711 802 772 οἴκοθεν
819 707 1011 791 ὡρμημένος,
1028 705 1070 778 ὡς
1087 707 1134 770 ἐπὶ
1151 707 1193 789 τῷ
1207 704 1331 792 ἀδελφῷ

79 830 277 914 ἀνιώμενος,
300 831 327 893 εὶ
348 835 402 892 καί
423 839 511 892 τούτο
535 835 645 915 σκῆψις
668 825 792 911 ὕστερον
814 835 869 890 καί
892 833 1008 909 ματαία
1030 830 1181 912 πρόφασις
1205 825 1326 909 ἀπελή-

80 939 244 1026 λεγκται,
273 946 308 1012 ού
336 951 394 1034 μήν
421 949 503 1012 ἀλλά
531 953 585 1011 καί
611 952 686 1032 πρὸς
721 945 831 1018 αὐτοὺς
858 948 928 1017 τούς
962 946 1142 1028 ἱερωτάτυυς
1166 944 1330 1029 ἀρχιερεῖς,

80 1071 141 1130 τόν
169 1069 436 1152 Χριστυυπόλεως,
459 1071 510 1130 τόν
533 1067 712 1158 Καλιξηνής
735 1071 789 1130 καί
811 1070 861 1130 τόν
886 1065 1033 1148 Σμύρνης,
1057 1065 1103 1126 ἔτι
1125 1086 1158 1126 τε
1180 1067 1325 1147 καὶπρὸς

24 1199 26 1202 ’
83 1209 185 1258 τινας
210 1197 268 1249 τῶν
291 1191 476 1269 τιμιωτάτων
499 1186 766 1272 ἐκκλησιαστικῶν
794 1185 952 1269 ἀρχόντων
981 1186 1077 1258 ἔδειξε
1103 1183 1158 1248 καὶ
1185 1183 1268 1248 εἶπεν
1291 1181 1328 1246 ύ-

86 1304 197 1388 μοῖως
222 1304 346 1382 ἐκεῖνος,
370 1309 489 1390 μέλλων
512 1305 680 1391 ἀποδημεῖν
703 1306 762 1370 ἀπό
785 1319 843 1370 τῶν
867 1305 1013 1378 ἐνταῦθα,
1037 1301 1084 1367 ὅτι
1105 1308 1188 1367 κατὰ
1207 1305 1330 1387 πρόφα-

87 1447 141 1489 σιν
176 1430 428 1509 κατεψευσμένην
456 1425 581 1499 ἐξέθετο
613 1428 667 1509 τήν
693 1429 851 1509 προβάτοιν
882 1425 1037 1510 ἔγγραφον
1068 1422 1235 1507 ὑπόσχεσιν
1267 1443 1330 1505 παρ

90 1543 210 1620 αύτοῡ,
233 1548 268 1608 τὸ
291 1545 326 1606 δέ
350 1547 500 1627 σκόπιμον
522 1542 560 1626 ήν
583 1542 691 1627 ἐκείνῳ
714 1543 901 1628 ὁλοσχερῶς,
925 1543 966 1615 ὡς
990 1543 1074 1626 εἴπερ
1094 1547 1186 1626 μόνον
1201 1543 1333 1626 ἰσχύσας

83 1664 239 1738 ἐξέλθοι,
263 1659 321 1725 οὐκ
344 1661 380 1725 ἂν
402 1667 522 1726 πώποτε
546 1660 775 1747 ὑποστρέψειεν,
794 1648 877 1726 Ιὅσον
903 1666 938 1725 τύ
968 1661 1013 1724 ἐπ’
1041 1657 1131 1745 αύτιρ.
1159 1657 1254 1730 οὕτως
1282 1658 1334 1724 σύν

92 1777 134 1843 ού
166 1784 262 1864 μόνον
289 1783 438 1853 καθάπαξ
464 1783 677 1866 κατεφρόνησε
705 1793 758 1866 τής
785 1792 844 1856 τῶν
871 1785 966 1842 θείων
993 1785 1048 1843 καί
1079 1780 1167 1864 ἱερῶν
1196 1783 1333 1842 κανόνων

93 1902 363 1982 παρατηρήσεως,
392 1898 473 1962 ἀλλὰ
500 1906 554 1962 καί
582 1897 679 1970 αὐτῶν
711 1911 768 1962 τῶν
800 1899 961 1984 ἐγγράφως
989 1896 1222 1982 ὑπεσχημένων,
1253 1897 1332 1980 ἔργῳ

96 2020 206 2102 δήπου
227 2019 361 2101 πληρῶν,
384 2015 460 2101 ἅπερ
484 2018 572 2094 ἔλεγε
596 2022 754 2100 πρότερον,
783 2018 863 2080 ἀλλὰ
886 2024 940 2080 καί
963 2017 999 2080 ἐκ
1028 2020 1210 2101 κακοήθους
1234 2022 1334 2100 ψυχῆς

101 2144 161 2202 καί
185 2141 309 2220 γνώμης
332 2142 483 2221 θρασείας
505 2141 721 2222 κατολιγωρῶν
744 2139 884 2222 ἄντικρυς
907 2143 961 2200 καὶ
983 2141 1180 2209 καταπαίζων
1196 2141 1250 2199 καὶ
1264 2133 1336 2217 παρ’

102 2256 197 2348 ούδέν
220 2262 384 2342 τιθέμενος
406 2265 444 2322 τὰ
466 2263 540 2340 πρὸς
563 2255 654 2321 αύτὸν
677 2263 759 2322 κατὰ
785 2260 851 2342 τήν
865 2259 1029 2341 κανονικήν
1057 2257 1194 2329 διάταξιν
1218 2253 1334 2318 ἀπολυ-

102 2381 205 2450 θέντα
227 2379 375 2441 συνοδικά
397 2383 592 2463 ψηφίσματα,
616 2380 873 2461 μετακαλούμενιι
895 2386 1000 2440 τοῦτον
1027 2375 1173 2448 ἐνταῦθα,
1197 2372 1334 2457 ἐμήνυεν,

103 2497 149 2568 ὣς
172 2495 263 2559 ούδέν
286 2494 366 2559 ἐστιν
390 2497 479 2578 ἔργον
503 2493 583 2580 αὓτη]
604 2493 675 2560 οὐδὲ
692 2501 862 2582 φρόντισμα
878 2495 1050 2581 ἀφικέσθαι
1063 2494 1209 2568 ἐνταῦθα,
1228 2495 1333 2575 ἐπειδή
1406 2519 1410 2525 ·

106 2615 218 2697 ἐτέρας
241 2615 310 2698 ἔχει
332 2616 474 2686 δουλείας
497 2614 690 2698 ἐπικειμένας
715 2611 803 2698 αὐτῷ,
828 2613 895 2677 ἀλλ’
919 2613 989 2677 οὐδὲ
1008 2615 1162 2699 ἔγγραφον
1177 2611 1335 2698 ἀναφοράν

107 2735 324 2806 ἐξαποστεῖλαι
345 2731 495 2818 ήνέσχετο
518 2734 561 2806 είς
584 2738 636 2819 τήν
661 2737 787 2798 σύνοδον
810 2736 829 2818 ή
853 2735 972 2798 ἱκεσίαν
988 2738 1055 2797 τινὰ
1070 2736 1272 2826 ποιήσασθαι
1281 2737 1336 2794 καὶ

106 2853 307 2938 παράκλησιν
330 2850 350 2937 ἢ
373 2859 426 2914 καί
449 2851 615 2938 ὡρισμένον
639 2859 705 2918 τινὰ
727 2858 834 2936 καιρόν
862 2857 1002 2937 δηλῶσαι
1028 2857 1097 2936 περὶ
1124 2863 1178 2937 της
1208 2852 1336 2937 ἀφίξεως

109 2967 205 3034 σύτού
227 2969 247 3054 ή
270 2970 464 3054 περίὲτέρας
478 2968 659 3056 ήστινοσυύν
683 2973 783 3042 αἰτίας
804 2971 824 3055 ή
846 2976 1011 3056 ζητήσεως,
1035 2971 1240 3056 ἀφροντίστως
1256 2971 1337 3053 ἔχων

107 3092 312 3164 παντάπασιν,
335 3087 435 3172 ὥσπερ
456 3089 492 3152 ἀν
516 3091 543 3154 εὶ
566 3094 606 3175 μή
630 3094 782 3176 διαφόρως
805 3090 990 3176 ἐξηλέγχετο
1014 3093 1189 3172 συνοδικῶς,
1207 3089 1252 3176 ἐφ’
1269 3089 1336 3152 οἷσ-

107 3229 165 3290 περ
192 3205 276 3269 έσὶλω
303 3219 365 3276 τοῖς
395 3211 505 3271 κανόσι
537 3212 693 3280 παντελῶς
725 3209 997 3294 ἀπηγορευμένοις,
1031 3205 1101 3293 μηδ’
1129 3208 1336 3292 ἐπηγγέλλετο

108 3331 274 3410 ἐγγράφως
296 3323 346 3387 ἐπὶ
367 3327 408 3407 ιη’)
430 3325 603 3408 ἀπαντῆσαι
625 3333 678 3390 καί
695 3328 967 3411 ἀπολογήσασθαι,
983 3333 1041 3391 καί
1053 3337 1148 3392 ταῦτα
1169 3329 1336 3390 συναδικῶν

109 3448 312 3530 ψηφισμάτων
336 3447 611 3530 μετακαλουμένων
635 3445 742 3521 αὐτὸν,
766 3445 807 3517 ὡς
833 3449 1017 3530 δεδήλωται,
1045 3452 1099 3510 καί
1129 3457 1187 3509 τῶν
1217 3465 1337 3520 συγκα-

109 3567 269 3646 ταβάσεως
297 3566 380 3646 λύγῳ
408 3567 559 3628 δοθεισῶν
587 3563 669 3650 αύτῷ
690 3577 837 3648 καιρικῶν
859 3566 902 3638 είς
923 3578 1013 3630 τοῦτο
1036 3568 1233 3648 προθεσμιῶν
1254 3587 1335 3647 παρ-

111 3687 270 3748 ελθουσῶν
297 3687 352 3744 καί
377 3695 435 3745 τῶν
463 3685 565 3768 ἱερέων
587 3685 624 3748 ἐν
647 3685 690 3768 τῷ
712 3683 872 3767 ἀναμένειν
901 3685 1097 3769 ἐκτριβὲντων
1123 3685 1250 3767 σχεδὸν,
1278 3681 1335 3746 αύ-

112 3811 163 3864 τού
186 3805 239 3864 τάν
262 3805 370 3883 καιρὸν
392 3807 474 3865 κατὰ
497 3807 530 3866 τύ
554 3806 666 3868 δοκοῦν
689 3801 771 3886 αύτῷ
793 3808 1067 3886 παρακρουομένου
1088 3807 1143 3866 καί
1165 3800 1337 3886 ἀμυντικῶς

112 3926 191 3983 κατὰ
214 3921 556 4005 τούτωνδιακειμένου.
583 3931 638 3992 καί
666 3930 694 3986 τί
720 3923 757 3986 ἀν
785 3925 855 4008 ἔχοι
877 3947 922 3994 τις
947 3928 1015 4006 περὶ
1042 3933 1100 3986 τῶν
1128 3921 1228 3986 ἀλλων
1256 3927 1337 3985 κατὰ
1429 3999 1431 4002 ¹

113 4042 202 4120 μέρος
226 4039 383 4114 διεξιέναι;
412 4037 486 4102 ὅθεν
509 4047 563 4102 καί
590 4042 617 4103 εὶ
639 4012 721 4104 κατά
746 4047 797 4106 τόν
821 4043 856 4118 ιγ’
879 4046 997 4104 κανόνα
1019 4051 1074 4124 της
1100 4040 1130 4103 ἐν
1156 4041 1336 4126 Καρχηδόνι

113 4158 240 4219 συνόδου
264 4152 343 4218 οὕτω
364 4163 437 4240 πρὸς
453 4161 532 4232 λέξιν
549 4163 777 4242 διαγορεύοντα·
802 4161 876 4237 ,ἐάν
900 4183 944 4231 τις
967 4163 1139 4245 ἐναντιωθῇ
1162 4174 1199 4244 τη
1213 4161 1278 4242 ἰδία
1300 4158 1335 4222 ύ-

113 4279 244 4356 μολυγίφ
267 4274 287 4358 ή
310 4297 356 4338 τοι
375 4288 412 4360 τή
427 4278 491 4358 ἰδίη
508 4276 678 4364 ἀπογραφή,
695 4278 803 4342 ἑαυτὸν
819 4278 1023 4363 ἀποστερήσει
1038 4290 1090 4364 τῆς
1112 4280 1193 4351 ίδίας
1216 4288 1336 4364 τιμής,“

111 4396 213 4478 πολλήν
235 4415 270 4471 γε
295 4395 413 4476 μάλλον
436 4399 547 4480 ταύτης
571 4397 696 4469 ἐνδίκως
720 4397 1046 4483 ἀποστερηθήσεταιδ
1073 4399 1233 4481 προδήλως
1256 4398 1335 4463 ἀθε-

1 4535 2 4546 ¹
112 4517 200 4598 τητής
225 4517 392 4595 γενόμενος
415 4513 449 4578 ού
475 4520 565 4598 μόνον
589 4527 642 4599 της
666 4517 881 4600 οὶιιειοχτίροον
898 4515 990 4582 αύτού
1018 4517 1174 4602 ἐγγράφου
1201 4513 1335 4600 ύποσχέ-
