3282 5270
514 561 719 630 ccxxxw.
739 561 813 629 Sine
827 584 914 627 υιιυο,

106 707 281 764 Patriam
294 708 447 778 ερίεουρνιπ
462 704 638 762 Iasus-sam
648 708 756 776 ρτίιιναι
773 716 799 759 ιι
819 707 901 760 νοτίοιο
914 703 1069 774 Βιιίρανίαι
1089 713 1167 758 υοοατ
1185 703 1224 756 ad
1241 722 1318 774 ιμιιω

106 829 174 881 dun
185 828 387 894 οοοιιπιειιύεαπι,
401 825 614 880 demvm
627 825 660 880 ιίτ
673 825 772 878 ωιιίοινο
785 825 910 878 wdecim
925 823 1065 878 οτίευίαίίι
1076 839 1136 877 eum
1150 821 1319 878 occidentali.

194 976 214 1049 γ
244 968 467 1054 Μακαριότατι
499 968 645 1034 ίπίσκοτε
669 978 723 1054 της
755 971 875 1052 πρότης
898 967 1119 1051 .Ἰοοστινιάνης
1150 967 1319 1050 Ἀχρειδόν

13 1145 16 1150 ,
105 1097 163 1154 καί
184 1095 286 1174 πάσης
307 1089 509 1170 Βυυλγαρίας,
531 1088 562 1151 ίν
585 1086 663 1172 ἁγίιρ
683 1089 830 1171 πνεύματι
852 1085 990 1170 ἁγατηιί
1012 1083 1125 1172 ἁδιλρί
1159 1093 1212 1168 τῆς
1233 1082 1319 1170 ἡμῶν

105 1212 313 1290 μετριότητος,
336 1202 468 1290 ιδχομαι
488 1205 532 1288 τηῐ
552 1205 618 1288 θεῷ
639 1204 783 1283 ύγιαίνιιν
805 1205 858 1288 τήν
880 1201 1050 1287 ἁγιωσύνην
1069 1223 1125 1266 σου
1140 1207 1193 1266 καί
1208 1223 1317 1285 σωμα-

107 1337 210 1400 τικῶς,
233 1323 277 1397 τίς
298 1327 441 1388 σύστασιν
463 1329 517 1388 καί
538 1321 686 1410 ὦφίλειαν
708 1333 761 1388 τού
783 1319 830 1388 ὑπ’
853 1320 945 1406 αὐτην
968 1324 1175 1408 χριοτωνύμου
1192 1323 1319 1405 πληριί·

107 1440 254 1538 ματοςηδ
274 1447 481 1528 περιπόθητος
503 1443 668 1528 ἐξάδελφος
690 1451 743 1508 τού
765 1447 927 1526 κρατίστου
952 1446 1006 1506 καί
1028 1439 1117 1520 ἁγίου
1145 1461 1203 1524 μου
1225 1435 1319 1504 αύτο-

105 1565 267 1645 κράτυρος,
290 1558 307 1625 δ
327 1563 435 1633 κύντσς
465 1559 625 1642 Σαβυιίας,
647 1563 832 1643 καταλαβὰν
853 1559 896 1632 τίς
917 1562 971 1644 τὴν
992 1561 1238 1644 θεομιγάλυντον
1259 1563 1315 1622 καί

105 1681 322 1765 θτυρόλακτον
342 1678 658 1744 Κωνυτιιντινούπυλιν
680 1683 758 1763 μιτὰ
789 1683 955 1762 κατίργιιν,
990 1677 1072 1762 ίχιιν
1105 1675 1176 1761 μεθ’
1210 1674 1320 1740 ίαυτού

104 1802 161 1862 καί
193 1796 318 1862 δυσικδν
340 1795 496 1882 ἁρχιερία,
518 1800 568 1862 τὸν
590 1805 648 1882 κύρ
671 1797 802 1873 Παῦλον,
828 1799 985 1880 διεκόμισε
1008 1799 1117 1874 λόγους
1150 1805 1203 1860 τού
1225 1795 1320 1860 naza

105 1917 181 2000 πρός
214 1919 264 1980 τόν
295 1921 458 2000 κράτιστον
490 1921 543 1979 καὶ
566 1913 652 1994 ἅγιόν
675 1937 733 2000 μου
756 1914 967 1998 αὐτοκράτορα
997 1919 1064 1998 αερί
1096 1925 1151 1998 της
1184 1913 1321 1986 ίνύσιιις

107 2036 163 2097 καί
183 2033 328 2117 ὁμονοίας
349 2043 407 2098 τῶν
429 2032 611 2118 ίκκληυιύν,
634 2042 687 2118 της
709 2053 741 2096 τε
763 2031 914 2118 ἡμττίρας
936 2034 1078 2116 δηλονότι
1109 2035 1239 2112 κοίτης
1262 2039 1319 2092 των

108 2152 257 2218 Λατίνων·
280 2150 297 2218 ὁ
319 2149 372 2216 οὖν
392 2156 557 2236 κράτιστος
577 2155 632 2216 καί
653 2149 740 2229 ἁγιός
763 2173 821 2236 μου
848 2150 1042 2234 αύτυκράτωρ
1075 2151 1170 2221 ίδειξε
1194 2152 1231 2211 τὰ
1253 2151 1321 2230 ιτερί

108 2274 218 2336 τούτου
250 2283 288 2357 τῇ
320 2269 406 2356 ἡμῶν
429 2275 601 2356 μετριότητι
622 2274 676 2334 καί
697 2282 760 2342 τυίς
783 2267 963 2345 ἁγιωτάτοις
989 2271 1202 2350 τατριάρχαις,
1225 2266 1266 2349 τιρ
1287 2285 1319 2330 τε

109 2387 341 2473 Ἀλιξανδριίας
373 2391 427 2452 καί
459 2389 500 2472 τιρ
524 2389 749 2473 Ἱεροσολύμων,
773 2389 818 2452 ἔτι
840 2389 874 2450 δό
896 2391 1009 2470 κοίτη
1031 2385 1099 2469 ἱερᾷ
1123 2385 1239 2467 συνόδῳ
1261 2393 1320 2447 τῶν

110 2503 294 2591 τὰρπθίνταν
316 2505 451 2572 ἂνταόθα
473 2505 641 2590 ἱτρωτὰτων
665 2505 840 2590 ἀρχιερίων,
863 2509 916 2568 καί
936 2514 1026 2588 κοινῇ
1046 2504 1244 2574 συνελθόντες
1266 2507 1321 2566 καί

109 2624 362 2712 δμορωνησαντις
388 2624 624 2711 ίψηρισάμεθα,
661 2627 723 2690 διῑν
759 2627 907 2705 γινίσθυιι
942 2623 1155 2707 οίκουμτνινιήν
1192 2621 1319 2684 σύνοδον

110 2747 193 2807 κατὰ
214 2747 269 2816 τός
289 2748 506 2828 πρυγιγονυίσς
528 2742 603 2808 ίττὰ
629 2742 842 2828 οίκυυμτνικὰς
868 2745 1021 2816 συνόδους.
1049 2741 1078 2806 οἱ
1103 2745 1158 2824 μίν
1190 2737 1242 2803 οὖν
1262 2739 1320 2802 δύο

109 2859 275 2939 ἁγιώτατοι
294 2865 495 2947 πατριάρχαι,
523 2859 540 2926 ό
562 2883 594 2925 τε
615 2861 847 2945 Ἀλιξανδρείας
869 2867 922 2926 καί
944 2871 1001 2924 τῶν
1023 2859 1245 2944 Ἱεροσολύμων,
1268 2853 1321 2922 τύ-

108 2984 263 3062 ρίσκονται
288 2975 396 3062 ἁρτίως
418 2977 562 3056 ίνταύθα,
584 2985 639 3044 καί
661 2978 897 3045 ἁποστίλλυυσιν
919 2979 981 3065 ἤδη
1003 2983 1121 3066 γραφὰς
1153 2982 1227 3063 τρδς
1247 2980 1318 3052 τούς

109 3093 157 3159 ὑπ’
191 3091 299 3168 αὐτούς
332 3095 484 3180 ἁρχιτριῐς
515 3103 569 3160 καί
602 3102 655 3170 τὰς
677 3098 808 3170 οἰκείους
830 3102 984 3176 συνόδους,
1009 3098 1060 3162 ἵνα
1080 3103 1320 3182 παραγίνωνται.

107 3215 364 3298 διεμηνυσὰμεθα
395 3212 429 3278 δὲ
462 3217 517 3278 καί
547 3217 590 3299 τῷ
620 3213 778 3299 ἁγιωτάτῳ
810 3221 984 3301 πατριάρχη
1009 3215 1200 3300 Ἀντιοχείας
1222 3213 1320 3301 ἡμεῖς,

105 3330 158 3396 ἵνα
168 3335 247 3415 μετὰ
257 3342 315 3396 τῶν
330 3328 375 3396 ὅτ’
393 3328 484 3396 αὐτόν
498 3335 615 3396 πάντων
631 3331 798 3418 ἁρχιτρίων
813 3334 869 3399 καί
882 3345 935 3420 της
951 3335 1032 3406 ίδίας
1043 3335 1171 3398 συνόδου
1188 3334 1233 3398 ίνι
1244 3341 1318 3411 γούν

108 3443 276 3526 ἂναγκαίον
299 3446 469 3536 ἁηικίσθαι
491 3449 544 3514 καὶ
567 3451 619 3534 την
643 3450 813 3538 ἁγιωσύνην
836 3475 891 3517 σου
914 3458 992 3536 μετὰ
1014 3463 1071 3516 τῶν
1087 3451 1143 3516 ύπύ
1159 3457 1194 3515 σὲ
1210 3451 1317 3535 ἁρχιτ-

107 3574 182 3650 ρίων
205 3572 336 3644 πάντων,
369 3568 433 3634 ίπεί
453 3571 610 3654 καθολικη
633 3574 687 3634 καί
707 3571 904 3657 υίκουμινικη
930 3571 1017 3636 ἔσται
1037 3570 1057 3656 ἡ
1081 3573 1220 3646 σύνοδος,
1256 3569 1319 3634 ίττὶ

107 3690 166 3769 γάρ
186 3683 206 3770 ἡ
230 3683 340 3752 αύυόθι
363 3684 515 3772 ἐκκλησία
535 3692 588 3750 καί
611 3691 645 3752 τό
668 3689 760 3762 ίθνος
782 3688 856 3754 αύτό
900 3690 1040 3756 εντεύθεν
1073 3687 1114 3760 ἁνς
1137 3687 1195 3752 ἀτύ
1218 3697 1318 3772 τηγης

107 3809 160 3868 καί
193 3800 279 3889 βίῑης
311 3805 379 3889 ίχει
410 3807 464 3890 τὴν
497 3803 654 3888 τύσίβειαν
686 3812 740 3872 καί
761 3810 814 3892 τὴν
836 3805 907 3886 ἁγια
931 3813 985 3872 καί
1012 3807 1176 3892 ἁμύμητυν
1208 3813 1317 3884 τίστιν,
1355 3895 1357 3898 Ι

106 3926 263 4008 πρόκειται
294 3923 329 3986 δί
353 3921 461 4006 ἀρτίως
483 3920 499 3986 δ
521 3929 589 4008 ττρί
612 3921 770 4007 εύοιβιίας
792 3932 846 3991 καί
877 3933 1005 4000 πίστεως
1039 3931 1162 4004 σκυτεύς,
1197 3927 1317 4012 ἀνάγκη

106 4044 192 4104 αασὰ
214 4041 288 4116 ίοτι,
311 4043 497 4124 καταλαβεῖν
520 4041 656 4106 ἐνταῦθα
679 4047 731 4129 τήν
748 4043 918 4130 ἁγιωσύνην
934 4067 997 4122 σου,
1020 4043 1070 4110 ίνα
1085 4057 1172 4130 κοινῇ
1189 4047 1318 4110 διασκε-

107 4160 247 4242 ψάμενοι,
270 4169 307 4242 ιη
321 4168 374 4222 τού
389 4161 465 4222 θτού
482 4161 615 4244 βοηθοίη
636 4167 690 4225 καί
712 4167 824 4246 χάριτι,
847 4165 945 4244 δῶμεν
968 4163 1060 4240 λόγον
1082 4159 1154 4246 ύιτὲρ
1170 4174 1223 4248 της
1239 4167 1317 4226 θεο-

108 4279 231 4357 σεβείας
252 4273 336 4362 ἡμῶν
358 4281 412 4338 καί
435 4289 491 4341 τῶν
514 4277 685 4342 ἀπταίστων
706 4285 773 4363 τερί
795 4284 872 4344 θεοῦ
898 4281 1072 4364 δογμάτων,
1107 4281 1317 4366 ίρηρεισμίνοι

108 4407 170 4466 ταῖς
192 4398 296 4466 θείαις
318 4407 446 4480 γραφαῖς
469 4410 532 4467 ταῖς
556 4395 767 4475 τύαγγελικαῖς
791 4405 898 4462 τεκαὶ
921 4399 1137 4472 ἁποστολικαίς
1171 4406 1224 4462 καί
1256 4421 1316 4462 ιτα-

107 4522 220 4596 τρικαῐς
241 4514 430 4598 ταραδύσεσι
452 4520 504 4579 καί
525 4517 750 4594 διδασκαλίαις,
786 4515 856 4580 οὐδὲ
881 4523 938 4602 γὰρ
963 4521 1141 4602 βουλόμεθα
1163 4517 1221 4580 κᾶν
1244 4525 1315 4600 μίαν
