3262 5276
51 523 89 606 τῇ
108 519 250 606 οόρανιβ,
271 527 326 586 ιιαί
349 519 419 610 ὅσα
432 521 469 586 ύν
490 524 606 606 δήσητε
629 519 676 585 ίπί
704 531 758 606 τῆς
781 529 853 604 γῆς,
881 519 969 583 όσται
994 520 1144 603 δεδεμίνα
1165 520 1221 582 τισί
1243 514 1276 580 όν

49 643 90 727 τῷ
110 640 263 725 ούρανῷ“.
288 649 506 727 συγχωροῦμεν
533 642 700 714 συνυδιιιῦς
726 639 782 704 παὶ
810 638 948 726 άφίσεως
974 639 1143 710 παντελοῦς
1171 634 1276 710 ἀξιοῦ-

50 783 115 846 μεν,
144 758 208 824 όσα
230 764 451 846 προγεγόνασιν
479 757 527 824 ίπί
550 761 652 844 βλάβη
675 769 729 845 τῆς
755 765 855 844 ψυχῆς
881 759 934 822 διά
960 781 992 822 τε
1024 769 1083 822 τῶν
1111 756 1276 841 ίπιοριιιόν

49 885 101 944 ααί
124 879 317 968 ἀφορισμῦν,
343 885 398 944 οιαί
419 881 535 963 δεσμοῦ
556 883 670 952 παντός
697 878 870 964 ἀπολύομεν
897 877 1047 952 ἅπαντας,
1073 875 1143 942 ύσοι
1169 899 1202 941 τι
1231 874 1279 940 ότι

49 1012 107 1070 τοῖς
131 1005 211 1072 ζῶσι
235 1000 517 1078 συγιιαταλίγονται
538 1005 594 1062 ααί
615 995 685 1062 ύσοι
707 1000 974 1083 τετελευτήκασιν,
1003 994 1045 1069 όις
1072 997 1191 1082 μηδίνα
1218 1004 1278 1059 τῶν

51 1117 191 1184 ἁπάντων
215 1131 275 1184 τόν
299 1115 440 1185 ύντεῦθεν
456 1117 536 1191 ὅλως
559 1117 728 1203 λνίχεσθαι
748 1122 965 1200 παταιιρίματι,
982 1112 1050 1179 ἀλλ’
1066 1115 1144 1179 εἶναι
1165 1118 1221 1177 καί
1242 1111 1275 1176 ίν

50 1236 88 1319 τῷ
107 1245 160 1300 νῦν
184 1237 276 1302 αίωνι
296 1237 351 1302 παὶ
372 1235 405 1301 όν
426 1239 469 1321 τῷ
489 1237 632 1322 μίλλονττ
656 1239 776 1307 πάντας
799 1227 967 1318 ἀνωτόρους
988 1236 1115 1308 τούτων,
1139 1230 1199 1294 είτε
1223 1229 1277 1308 όγ-

50 1359 196 1440 γράφεις,·
210 1355 273 1419 εἴτε
294 1355 437 1442 ἀγράφως
458 1358 612 1434 γεγόνασι,
627 1357 682 1417 καί
698 1355 805 1438 μηδενί
821 1353 964 1438 μηδόλως
981 1351 1120 1434 ἔμποδόν
1134 1349 1209 1433 πρός
1224 1349 1279 1432 τήν

51 1479 201 1558 σωτηρίαν
226 1478 382 1552 γενόσθαι,
406 1473 489 1539 ἀλλὰ
509 1477 626 1545 πάντας
649 1471 915 1558 ἂιιαταισχύντυυς
935 1479 1130 1556 παραστῆναι
1153 1471 1194 1551 τῷ
1218 1489 1278 1554 φο·

54 1592 134 1674 βιρῷ,
160 1587 379 1678 εύδιαλλάιιτιρ
394 1591 449 1656 ααὶ
463 1593 776 1679 φιλανθρόπφαριτῆ
792 1595 847 1655 ιιαί
867 1601 926 1656 των
947 1587 1017 1672 παρ’
1033 1585 1115 1673 αύτῷ
1136 1587 1276 1654 ἀπολαῦ-

53 1733 100 1774 σαι
122 1712 296 1799 ἀφθάρτων
317 1713 372 1778 οιαί
393 1712 558 1799 άπηράτων
580 1717 635 1776 οιαί
658 1711 785 1777 αἰωνίων
808 1709 948 1790 ἀγαθόν.
974 1709 1034 1787 ναὶ,
1057 1713 1115 1774 θεί
1137 1711 1275 1792 πατίραν

53 1837 101 1894 ααί
126 1835 218 1916 πύριε
246 1843 300 1897 τοῦ
328 1831 444 1909 ἔλόυυς,
467 1821 682 1917 όπιαάμφθητι
709 1833 852 1916 συνήθως
877 1828 932 1894 παὶ
958 1830 1198 1914 φιλανθρώπως,
1224 1831 1280 1892 καί

15 1987 18 2034 ι
54 1955 218 2036 παράσχου
241 1949 280 2014 δι’
301 1950 376 2035 όμού
399 1961 452 2015 τοῦ
476 1949 662 2035 ἁμαρτωλοῦ
683 1954 738 2014 καί
765 1949 888 2024 ἀναξίου
909 1949 1021 2011 δούλου
1042 1969 1098 2010 σου
1120 1947 1206 2010 λύσιν
1220 1955 1279 2009 τῶν

57 2076 261 2154 ίητυυμίνων,
283 2075 338 2134 παί
359 2072 413 2142 δύς
434 2073 568 2154 παντελῆ
591 2071 737 2152 λύτρωσίν
760 2092 793 2132 τε
814 2073 869 2132 ιιαί
891 2068 998 2155 ἄφεσιν
1020 2079 1083 2138 τοῖς
1104 2063 1180 2129 καθ’
1197 2063 1280 2128 οἱον-

55 2190 158 2273 δήτινα
184 2193 298 2275 τρόπον
324 2198 537 2272 περιπεσοῦσιν
563 2187 694 2260 ὲπείνοις
726 2193 782 2251 ιιαί
813 2197 950 2271 περιοῦσι
981 2191 1036 2251 ιιαί
1068 2186 1279 2268 τελευτήσασι,

58 2307 183 2384 βαθεῖαν
211 2312 268 2371 παί
294 2316 347 2371 τοῦ
373 2309 482 2370 λοιποῦ
510 2307 564 2390 τήν
591 2307 648 2391 σήν
675 2305 797 2391 εἰρήνην
830 2309 885 2368 παὶ
915 2306 1116 2369 παντοδαπῶν
1150 2301 1281 2380 ἀγαθόν

59 2424 193 2511 ἄφθονον
227 2431 380 2511 χορηγίαν
410 2437 449 2510 τῆ
480 2447 513 2488 τε
545 2423 714 2510 όπιιλησία,
729 2431 783 2489 παὶ
811 2436 849 2510 τῆ
876 2424 1021 2507 βασιλεία
1045 2427 1099 2486 παὶ
1125 2425 1214 2485 παντί
1241 2419 1282 2505 τῷ

57 2542 118 2626 λαιῇ
138 2565 197 2607 σου
221 2544 414 2627 δωρούμενος
433 2545 612 2626 πρεσβείαις
633 2551 689 2627 τῆς
708 2540 883 2626 ,ύπεραγίας
909 2544 1073 2626 δεσποίνης
1094 2538 1180 2626 ἡμῶν
1203 2541 1282 2603 θεο-

58 2663 146 2724 τύπου
179 2666 238 2725 παί
271 2659 478 2746 ἀειπαρθόνου
503 2659 640 2744 Μαρίας,
677 2663 805 2745 δυνάμει
837 2669 891 2726 τοῦ
924 2665 1025 2744 τιμίου
1052 2663 1106 2724 ιιαί
1133 2662 1284 2731 ζωοποιοῦ

60 2791 203 2864 σταυροῦ,
228 2793 287 2845 τῶν
311 2780 487 2860 ἀύλωνιιαί
511 2779 682 2864 ἀσωμάτων
701 2783 894 2866 λειτουργῶν,
917 2787 970 2845 τοῦ
993 2785 1094 2865 τιμίου
1115 2783 1170 2842 καί
1193 2780 1283 2842 ίνδό-

59 2901 106 2972 ίοο
126 2905 289 2988 προφήτου
309 2903 484 2986 προδρόμου
511 2905 566 2966 οιαί
592 2903 758 2983 βαπτιστοῦ
780 2901 933 2978 Ἰωάννου,
956 2911 1015 2964 τῶν
1038 2897 1133 2978 ἁγίων
1156 2897 1285 2972 ἐνδόξων

58 3008 262 3107 τανευφήρειν
288 3019 477 3096 ἀποστόλων,
501 3031 559 3083 τῶν
587 3018 679 3084 ύσίων
704 3023 759 3084 καί
780 3023 940 3106 θεοφύρων
963 3024 1100 3102 πατέρων
1122 3014 1209 3104 ήμῶν
1231 3020 1287 3080 καί

58 3141 172 3201 πάντων
200 3149 259 3202 τῶν
287 3125 470 3210 ἀπ”ἀίῦνος
501 3135 772 3222 εύαρεστησάντων
800 3137 895 3216 ἁγίων
918 3143 977 3214 σοί,
1005 3137 1048 3222 τῷ
1074 3141 1169 3219 κυρίῳ
1197 3131 1284 3220 ήραῦν

61 3253 157 3340 Ἰησοῦ
179 3256 318 3341 Χριστῷ,
340 3255 366 3342 ᾧ
386 3261 495 3340 πρόπει
516 3257 592 3330 δόξα
614 3257 658 3328 είς
680 3257 751 3335 τούς
774 3255 897 3328 αἰῶνας.
922 3253 1013 3340 ἀμήν.
1039 3289 1042 3292 -

295 3439 433 3507 CXXX.
461 3444 703 3520 (685841350)
728 3441 886 3506 ίωίιειιιιτίυ
911 3441 1047 3505 ind.·111.

512 3585 616 3640 Ῑπῖἆῦνύ
637 3595 836 3642 mmmmm.

138 3733 397 3816 γύιαθήιιη
427 3741 506 3824 τοῦ
541 3729 677 3795 αύιοῦ
710 3729 964 3808 ἁγιωτάτυυ
997 3732 1287 3812 πατριάρχου

70 3847 593 3922 Κωνσταντινοοπύλεως
626 3860 705 3935 πῦρ
737 3851 974 3934 Ἰσιδοίροο.

143 3975 163 4046 †
186 3968 357 4052 Βούλομαι,
386 3968 413 4032 εὶ
439 3971 575 4054 συμβαίη
605 3991 658 4053 μοι
681 3968 860 4044 ἀποθανεῖν,
882 3970 1066 4052 πολυημίριρ
1087 3967 1150 4052 ἤδη
1173 3989 1286 4051 πατερ-

70 4089 210 4160 γασθίντι
232 4091 394 4173 νοσήματι,
418 4091 526 4172 μιαρόν
549 4111 577 4151 τι
593 4100 739 4172 μνημεῖον
754 4097 807 4152 τοῦ
822 4095 933 4171 παιρσῦ
948 4091 1184 4164 κατεπείγοντος
1200 4085 1288 4173 ἀφεί-

70 4223 113 4267 ναι
133 4207 175 4289 τῷ
194 4207 251 4288 βίῳ
272 4211 340 4290 περί
366 4217 424 4272 τῶν
447 4206 581 4292 όμαοτοῦ
603 4211 658 4270 καί
681 4209 781 4292 βραχύ
803 4229 832 4270 τι
858 4208 1045 4292 διαχαράξαι
1072 4209 1212 4291 γράμμα,
1235 4206 1289 4290 τήν

73 4319 148 4407 ίμήν,
170 4327 238 4407 περί
259 4321 301 4388 ὧν
324 4321 391 4408 όρω,
408 4327 578 4411 διασαφοῦν
598 4327 757 4411 βούλησιν.
781 4324 850 4409 ίμοί
872 4330 970 4388 τοίνυν
986 4326 1287 4409 Θεσσαλονίπηπα-

75 4446 128 4521 ‘Pl‘
149 4447 204 4506 ²2²1
225 4445 354 4528 τρῡφότ,
383 4441 415 4505 όν
442 4445 538 4528 ταύτῃ
566 4449 620 4507 καί
646 4447 757 4522 λόγους
784 4449 935 4530 μετίσχον
965 4449 1020 4508 παί
1046 4457 1107 4520 τοῖς
1135 4444 1288 4526 βουλομί-
1396 4481 1400 4489 .

74 4579 128 4630 νοις
150 4563 326 4645 μιτίδωιια,
353 4565 408 4624 καί
433 4563 543 4625 πολλοί
571 4585 623 4646 μοι
651 4573 704 4626 τοῦ
733 4564 800 4644 βίοο
826 4563 881 4627 καὶ
909 4575 963 4648 τῆς
990 4565 1146 4646 διαγωγῆς
1169 4559 1291 4646 όοιείνης
