3258 5282
306 297 373 359 362·

308 503 385 554 οεως
407 487 461 545 καί
482 479 669 568 ὑπογραφῆς,
692 483 773 546 ἀλλὰ
795 487 849 546 καὶ
870 486 1031 570 προδήλως
1053 486 1289 570 καταφρονητὴς
1312 494 1368 548 τόν
1386 506 1422 548 τε
1438 487 1530 548 θείειν

306 610 475 663 κανονικῦν
497 601 664 674 διατάξεων
686 605 739 663 καί
763 611 820 664 τόν
841 603 1119 686 προσκαλουμένων
1146 599 1239 665 αύτύν
1259 603 1420 688 διαφόρως
1444 623 1531 666 συνο-
1610 679 1613 704 ,

306 719 400 780 δικῦν
421 722 623 804 ψηφισμάτων
645 723 699 782 καί
721 720 799 804 μηδά
815 717 984 798 ἀπολογίας
998 717 1189 805 ἡστινοσοῦν,
1211 721 1358 804 καθάπερ
1372 726 1433 783 καί
1448 718 1531 805 δφει-
1620 779 1621 812 3

306 837 442 919 λομίνως
464 836 538 920 εἶχε.
561 841 616 900 καί
637 838 737 900 πάλιν·
762 836 811 914 „⁸1
832 842 915 901 κατά
937 841 988 902 τύν
1011 836 1216 903 ἀποστυλικύν
1243 837 1286 901 λε’
1311 842 1436 901 κανόνα
1459 833 1534 901 ούτεε
1620 859 1621 920 γ

305 959 388 1018 κατὰ
408 951 492 1040 ῥῆμα
518 959 715 1034 θεσπίζοντα,
738 955 904 1021 ἀπίσκοπον
932 959 973 1042 μὴ
1001 959 1117 1041 τολμάν
1144 957 1202 1030 ἔξω
1228 965 1287 1019 τῦν
1313 955 1430 1020 ἑαυτοῦ
1459 953 1535 1037 ύριεν

307 1075 494 1157 χειροτονίας
516 1078 672 1140 ποιεῖσθαι
695 1074 739 1146 είς
761 1079 815 1146 τὰς
838 1076 879 1160 μή
903 1072 1105 1159 ὑποκειμένας
1121 1072 1203 1154 αότῷ
1223 1076 1326 1146 πόλεις
1341 1079 1396 1137 καί
1413 1077 1535 1156 κείρας,

307 1191 335 1254 εί
356 1193 390 1254 δὲ
413 1191 582 1279 ἔλεγχθείη
605 1203 693 1257 τοῦτο
715 1197 891 1279 πεποιηκός
911 1198 995 1278 παρὰ
1017 1194 1070 1277 τήν
1093 1201 1151 1256 τιῦν
1172 1196 1367 1277 κατεχόντων
1394 1197 1458 1264 τὰς
1479 1194 1537 1254 πό·

306 1313 370 1383 λεις
393 1311 513 1384 ἀκείνας
534 1317 589 1376 καί
610 1317 714 1397 χώρας
736 1317 867 1397 γνώμην,
890 1314 1108 1396 καθαιρείσθω
1128 1315 1183 1374 καί
1198 1307 1291 1384 αύτύς
1305 1315 1361 1374 καί
1375 1310 1433 1383 οὓς
1451 1309 1537 1393 ἀχει-

307 1433 485 1513 ροτόνησε.“
497 1431 711 1514 διαγορεύοοοι
732 1432 768 1494 δύ
790 1434 845 1494 καί
859 1429 888 1494 οἱ
903 1432 1090 1518 φιλεοσεβείς
1104 1433 1193 1513 νόμοι
1208 1425 1317 1513 ῥητός·
1334 1427 1373 1506 „h
1390 1427 1425 1492 όν
1442 1425 1537 1508 ύπερ-

307 1553 377 1630 υρίφ
398 1558 580 1632 χειροτονῶν
602 1547 622 1634 ἢ
644 1549 699 1612 καὶ
720 1547 824 1634 ἕτερόν
846 1571 875 1612 τι
895 1529 979 1633 παρὰ
1001 1551 1036 1612 τύ
1058 1551 1204 1633 καθῆκον
1225 1557 1319 1610 ποιῶν
1342 1545 1539 1625 ἀγανακτεῖ·

306 1688 356 1728 ται
387 1670 441 1729 καί
468 1665 674 1752 ἀφορίζεται.“
703 1666 764 1753 οὐχ
788 1666 902 1754 ἥκιστα
929 1667 966 1732 ἀν
997 1667 1044 1753 εἴη
1071 1665 1128 1732 ύπύ
1155 1670 1343 1750 καθαίρεσιν
1370 1667 1415 1738 είς
1444 1673 1537 1728 τοῦτο

306 1789 443 1866 θράσους
466 1785 638 1871 λληλακιλς,
661 1784 739 1851 ὥστε
761 1790 889 1873 ταύτην
911 1797 969 1851 τῶν
991 1786 1178 1854 Καυκασίων
1201 1797 1255 1872 τῆς
1274 1787 1414 1870 μεγάλης
1440 1787 1537 1848 συνό·

305 1906 360 1968 δυο
383 1902 554 1989 ἀγιωτάτην
578 1909 762 1989 μητρόπολιν
784 1911 838 1970 καί
859 1919 898 1993 τῇ
919 1917 1127 1992 πατριαρχικη
1147 1917 1284 1990 περιωπῇ
1307 1904 1431 1968 ἀνωθεν
1455 1899 1535 1966 ύπο-

225 2073 227 2078 ,
304 2027 448 2108 κειμένην
473 2027 527 2087 καί
554 2035 619 2095 ταῖς
646 2027 765 2097 λοιπαίς
796 2026 971 2097 συνοδικαῖς
1003 2027 1226 2110 μητροπόλεσιν
1257 2027 1537 2107 συνηριθμημίνην

305 2139 479 2226 αὐτονόμοις
500 2147 554 2207 καί
577 2142 784 2215 ἀκανονίοτως
807 2144 1028 2228 ἀπυτολμησας
1053 2147 1247 2228 ποιήσασθαι
1275 2139 1323 2227 ύφ’
1347 2140 1475 2216 ἑαυτὸν,
1500 2135 1536 2201 ού

306 2265 398 2344 μόνον
420 2270 474 2345 τῆς
496 2259 650 2346 ἀληθείας
671 2263 941 2346 καταψευδόμενος
962 2263 1127 2338 παντελῶς,
1151 2261 1232 2325 ἀλλὰ
1253 2265 1308 2324 καί
1324 2260 1376 2324 ἀπ’
1391 2260 1535 2327 ἀναντίας

304 2378 406 2444 ίλθιδν
427 2391 465 2465 τη
487 2378 577 2463 ἑτόρφ
599 2382 706 2443 τούτου
729 2377 880 2462 ύμολογίφ
902 2378 1056 2464 ἀγγράφιρ,
1080 2377 1130 2443 ὅτι
1154 2379 1196 2452 εἰς
1213 2379 1361 2462 ἀρχιερέα
1381 2379 1535 2462 προύβαι-

303 2497 581 2581 νεν,οίκειοχείρως
604 2497 836 2582 ἀγγραψάμενος
859 2499 908 2562 δπί
929 2499 1039 2572 λόξεως
1062 2494 1168 2569 οὕτως·
1183 2499 1277 2580 ,πρός
1300 2500 1421 2568 τούτοις
1443 2497 1532 2558 καθ-

304 2616 447 2698 ομολογεῦ
473 2617 633 2702 φυλάττειν
656 2621 709 2678 καί
732 2621 769 2680 τὰ
791 2621 1000 2703 πατριαρχικᾰ
1021 2618 1128 2679 δίκαια
1151 2615 1435 2700 ἀπαρεγχείρητα.“
1457 2616 1532 2697 πρό<

304 2736 424 2804 τούτοις
447 2753 481 2810 γε
504 2735 562 2817 μὴν
586 2734 668 2798 ἔστιν
690 2737 896 2817 καθαιρετόος
918 2739 972 2798 καί
995 2736 1047 2798 διὰ
1070 2739 1107 2796 τὰ
1128 2733 1219 2817 ότερα
1242 2735 1343 2798 ἄτοπα
1369 2733 1425 2797 καὶ
1448 2733 1531 2796 ἀκα-

307 2855 437 2926 νόνιστα,
461 2847 538 2934 ἅπερ
560 2847 651 2924 αύτός
672 2873 705 2914 τε
726 2854 957 2938 διωμολόγησεν
978 2852 1038 2916 ἀπὸ
1061 2861 1114 2941 φοῦ
1142 2853 1257 2916 οἰκείου
1285 2855 1449 2936 στόματος,
1478 2852 1532 2912 καί

309 2969 338 3033 οἱ
359 2971 583 3055 διαληφθίντες
605 2977 833 3053 πραγματευταί
854 2977 909 3036 καὶ
929 2974 1050 3036 πολῖται
1072 2970 1240 3041 συνοδικύς
1267 2967 1331 3053 μετ’
1355 2969 1532 3056 ἀσφαλείας

307 3095 362 3171 τῆς
388 3089 604 3172 προσηκούσης
631 3085 837 3172 ἀρωτηθίντες
863 3097 1072 3174 παρέστησαν,
1105 3093 1143 3152 τὰ
1168 3089 1263 3153 πλείω
1290 3091 1324 3151 δό
1349 3099 1490 3174 παρῆκεν
1515 3083 1532 3148 ό

307 3209 400 3284 λόγος
421 3214 476 3289 της
498 3203 626 3276 ἀτοπίας
649 3203 753 3282 αύτοῦ,
776 3209 810 3270 τύ
833 3218 933 3293 μῆκος
956 3205 1164 3294 ύφορύμενος·
1188 3205 1278 3292 Ιίύρκει
1301 3213 1405 3288 μίντοι
1429 3227 1463 3284 γε
1478 3206 1531 3267 καί

308 3329 400 3409 μόνον
424 3327 456 3388 τύ
480 3322 510 3387 ὲν
531 3325 637 3402 παγίδι
659 3324 818 3409 ληφθῆναι
840 3336 877 3408 τῇ
901 3324 1053 3409 ὁμολογία
1074 3337 1133 3410 της·
1151 3327 1294 3408 γλεύσσης
1313 3321 1419 3398 αὐτοῦ,
1442 3331 1530 3385 τοῦτο

306 3445 344 3526 δὴ
368 3446 401 3529 τύ
425 3441 665 3525 Σολομόντεινον
688 3442 731 3513 τίς
754 3443 807 3524 τὴν
830 3444 937 3506 τούτου
958 3446 1151 3527 καθαίρεσιν,
1174 3439 1252 3526 ἥπερ
1274 3441 1410 3525 ἐρρηθη,
1439 3445 1473 3504 τό
1496 3441 1528 3501 δὲ

306 3565 361 3625 καί
382 3562 435 3645 τὴν
458 3569 516 3623 τῶν
530 3559 716 3634 Καυκασίων
732 3557 905 3644 άγιωτάτην
921 3562 1108 3645 μητρόπολιν
1130 3560 1353 3625 ἀποσπάσαντα
1367 3567 1423 3642 τῆς
1440 3557 1529 3636 ἁγία(
1620 3627 1621 3634 ,

306 3687 360 3742 τοῦ
382 3672 459 3743 θεοῦ
481 3678 658 3763 καθολικης
680 3681 734 3740 καί
757 3676 965 3763 ἀποοτολικης
988 3677 1158 3762 ἀκκλησίας
1186 3675 1233 3763 ὑφ’
1261 3677 1369 3741 όαοτύν
1397 3674 1529 3744 ἀναιδῶς

305 3799 514 3880 ποιήσασθαι,
541 3805 630 3861 τοῦτο
661 3799 696 3861 δλ
727 3802 781 3860 καί
809 3801 911 3882 πάσης
940 3801 1135 3881 συμπαθείας
1163 3792 1253 3860 αύτύν
1282 3794 1452 3858 ἀποκλείει.
1480 3797 1530 3856 διά

306 3924 378 3992 γοῦν
400 3924 496 3978 ταῦτα
518 3917 805 4006 ουνδιασκεψαμόνη
831 3911 851 3999 ἡ
879 3920 1040 4000 μετριότης
1068 3913 1154 4001 ἡμῶν
1176 3925 1214 3998 τη
1240 3917 1307 3997 περί
1332 3910 1428 3996 πότην
1457 3916 1529 3992 θεία
1620 3951 1621 3998 γ

304 4031 451 4118 ύμηγύρει
473 4039 526 4096 καί
553 4033 738 4122 ἀδελφότητι
765 4043 823 4097 τῶν
850 4033 1018 4116 ἱερωτότων
1047 4033 1227 4118 ἀρχιερίων,
1255 4043 1309 4096 τοῦ
1330 4031 1526 4114 Ἡρακλείας,
1620 4059 1621 4118 γ

307 4160 360 4215 τοῦ
386 4150 559 4236 Σηλυβρίας
585 4158 639 4216 καί
665 4156 717 4217 τύν
743 4157 835 4236 τόπον
861 4150 1075 4236 Νικομηδείας
1103 4152 1284 4237 ἀπόχοντος,
1311 4160 1364 4216 τοῦ
1385 4151 1525 4220 Νικαίας,
1620 4195 1621 4198 =

308 4277 361 4332 τού
383 4268 598 4353 Χαλκηδόνος,
622 4279 674 4333 τοῦ
698 4269 959 4354 Σταυροοτόλεως,
984 4277 1036 4331 τοῦ
1058 4269 1322 4351 Χριστουπόλεως,
1345 4279 1398 4332 τοῦ
1429 4268 1526 4351 Σμύρ·

306 4407 371 4470 νης,
395 4395 447 4449 τοῦ
469 4385 591 4472 Βιίύης,
614 4395 666 4450 τοῦ
682 4387 870 4474 Κελτίηνης,
893 4397 947 4451 τοῦ
961 4385 1110 4471 Μηδείας,
1134 4396 1187 4450 τοῦ
1202 4387 1339 4462 Ῥωσίου,
1362 4396 1417 4450 τού
1433 4387 1525 4464 Σοογ-
1620 4433 1621 4474 γ

307 4506 417 4578 δαίας,
451 4513 503 4567 τοῦ
536 4504 693 4588 Γαρόλλης
727 4509 780 4568 καί
817 4514 870 4570 τοῦ
904 4504 1040 4588 Λιτβῦν,
1079 4507 1303 4590 καθηρημίνον
1337 4513 1389 4567 τού
1424 4507 1527 4569 λοιποῦ
