3258 5278
327 247 389 316 ιιυ
423 225 425 229 ’

326 453 386 518 μου
418 428 658 516 αύτοκράτορος,
695 432 902 515 διοριζόμενον
935 429 1141 517 ἰεετασδηναι
1172 434 1211 496 τά
1241 429 1310 495 κατ’
1342 429 1455 504 αύτούς
1490 433 1549 496 καὶ

327 550 589 636 ἀποκαταστῆναι.
611 550 667 616 καί
681 551 721 634 δὴ
737 553 866 614 συνόδου
882 554 1149 637 συγκροεηθιίσης
1162 557 1298 630 γίνονται
1312 550 1356 624 εἰς
1371 547 1468 636 αότὴν
1489 574 1550 634 με·

325 673 475 756 τάκλητοι
500 669 555 735 καί
577 669 606 733 υἱ
632 666 809 754 εύρεθίντες
836 669 973 734 ίνταύθα
1000 680 1055 756 της
1084 671 1267 755 συγκλήτου,
1294 668 1323 768 δ·
1338 673 1552 754 περιπόθητος

324 792 468 876 δηλονότι
490 793 657 878 ἰίάδιλφος
683 799 736 854 τού
764 796 928 874 κρατίστου
953 789 1009 853 καὶ
1034 789 1124 868 ἁγίου
1153 811 1212 874 μου
1237 787 1468 872 αύτοκράτορυς
1489 799 1550 872 κύρ

325 910 521 994 Ἀνδρόνικος
543 907 559 974 ὁ
582 909 815 987 Παλαιολόγος,
839 906 856 972 δ
880 911 1090 993 συμαίνθιρος
1111 916 1166 971 τού
1187 912 1353 992 κρατίστου
1379 907 1434 972 καί
1456 905 1552 984 οἱγίου

324 1049 383 1113 μου
405 1024 631 1110 αύτοκράτορυς
653 1025 702 1091 ἰαὶ
722 1037 777 1112 της
792 1031 954 1110 τρατίζης,
980 1033 1037 1110 κύρ
1052 1025 1205 1110 Γειύργιος
1221 1023 1238 1090 ό
1253 1026 1404 1109 Χούμνυς,
1427 1023 1552 1096 όθαιυς

326 1157 381 1212 τού
402 1151 569 1231 κρατίστου
583 1145 638 1210 καί
654 1143 744 1224 ἁγίου
767 1167 825 1228 μου
848 1141 1084 1228 αύτυκράτορος,
1101 1149 1199 1228 μίγας
1214 1145 1418 1228 δρυυγγάριυς
1433 1151 1548 1228 κύρ...

324 1263 515 1348 όΤορνίκης,
539 1261 556 1328 δ
578 1263 691 1336 οἰκεῖος
713 1263 755 1345 τῷ
779 1269 931 1347 κρατίστῳ
953 1267 1009 1327 καί
1032 1261 1111 1346 άγίφ
1134 1283 1193 1347 μου
1207 1258 1411 1346 αὐτοκράτορι
1424 1283 1550 1346 τριετο-

324 1385 508 1466 αλλαγάταρ
528 1390 587 1464 κύρ
589 1429 674 1446 ......
686 1384 741 1444 καί
759 1380 868 1464 δτεροι,
884 1381 1121 1466 ιἰρχιμανδρίταί
1141 1404 1174 1444 τι
1197 1383 1251 1446 σύν
1267 1385 1386 1454 τούτοις
1406 1387 1463 1446 καί
1486 1403 1549 1450 κα·

322 1503 512 1584 θηγούμινοι
527 1510 585 1562 τῶν
601 1500 740 1563 ἰνταόδα
755 1501 929 1582 σεβασμίων
951 1511 1052 1584 μονῶν
1073 1505 1128 1564 καί
1144 1499 1205 1564 οἰιτύ
1226 1509 1285 1563 τόν
1300 1505 1472 1584 τροκρίτιιν
1487 1521 1551 1564 το-

321 1619 413 1682 λιτιίν
434 1618 492 1682 ούκ
513 1617 627 1696 δλίγοι,
650 1621 824 1700 παράγεται
839 1620 874 1681 δί
893 1623 947 1682 καί
967 1617 1123 1690 όΧιόνιος
1142 1617 1191 1682 ἰαί
1209 1626 1263 1682 τού
1283 1622 1395 1702 μόσοο,
1418 1621 1475 1680 καί
1489 1627 1552 1681 τῶν

323 1735 556 1822 ύτολυγητικων
583 1739 769 1820 γραμμάτων
795 1735 1054 1814 ἀναγνωσθίντων
1081 1735 1112 1801 ἰν
1140 1734 1265 1821 ἰτηκόιμ
1290 1741 1345 1800 καί
1374 1738 1550 1810 διεξιόντων

320 1857 395 1937 τρύς
417 1867 480 1926 τοίς
506 1854 627 1931 ἄλλοις,
654 1863 708 1918 τού
735 1858 791 1938 μίν
818 1855 996 1939 οἰκονόμου,
1023 1854 1065 1926 ύες
1091 1851 1238 1939 ούδεμίαν
1264 1853 1331 1938 εἶχε
1356 1851 1422 1938 μετ’
1451 1851 1550 1919 αύτού

322 1971 515 2037 υύδιτείτοτε
547 1979 708 2037 κοινωνίαν
739 1971 760 2058 ἤ
791 1993 858 2037 τινα
891 1973 1014 2057 όμιλίαν
1042 1973 1059 2039 ό
1085 1974 1224 2050 Χιόνιος,
1258 1971 1325 2038 ἀλλ’
1353 1971 1404 2036 ἀεὶ
1428 1972 1486 2038 καὶ
1507 1972 1550 2037 δι’

322 2093 443 2176 ίχθρας
464 2089 503 2176 ἠν
523 2094 598 2174 τρός
620 2087 722 2167 αδτύν,
739 2101 793 2155 τού
811 2095 1050 2178 χαρτοφύλακος
1072 2095 1116 2168 δί,
1140 2091 1181 2164 ύετ
1204 2090 1242 2156 δι’
1258 2089 1348 2156 ούδίν
1363 2091 1452 2167 ἄλλο,
1477 2089 1548 2155 ἀλλ’

319 2209 415 2296 ἢδιὰ
436 2215 491 2296 τὴν
513 2211 675 2296 τίρημίνην
698 2211 840 2294 ἀνωτίρω
865 2213 964 2276 αἰτίαν
986 2222 1041 2298 της
1066 2213 1110 2283 εἰς
1133 2209 1243 2282 αύτούς
1270 2211 1394 2294 ύχθρας
1417 2213 1456 2272 τὰ
1478 2231 1547 2272 τοι-

320 2339 399 2392 αῦτα
419 2327 487 2392 κατ’
511 2329 610 2393 αύτιῑιν
632 2331 784 2414 ἰλάλησεν
807 2329 824 2394 ό
846 2331 977 2407 Χιόνιος,
1000 2341 1059 2394 τείν
1080 2333 1223 2394 τοιούτοιν
1249 2331 1438 2413 γραμμάτιον
1461 2328 1534 2389 λεια·

318 2453 494 2532 κρούμενυς
515 2449 571 2514 καὶ
593 2447 684 2522 αύτός
707 2451 891 2534 διωμολόγει
912 2453 951 2513 τα
978 2449 1138 2535 εἰρημίνα,
1167 2447 1223 2512 καὶ
1248 2450 1360 2532 ταύτην
1387 2443 1544 2509 εἶναικαὶ

322 2571 417 2651 μόνην
445 2568 535 2644 ύλογε
561 2569 614 2654 τήν
641 2568 755 2645 αἰτίαν,
783 2567 821 2632 δι’
843 2569 880 2653 ἢν
902 2567 957 2632 καὶ
983 2567 1051 2632 κατ’
1079 2565 1179 2632 αύτιῐιν
1205 2567 1362 2652 ἰέηνὲχθη
1392 2564 1436 2649 τῷ
1459 2567 1542 2639 τότε,

321 2687 426 2770 ἰατιδὴ
455 2683 539 2750 οὗτοι
564 2693 719 2766 κατίγνων
748 2684 841 2751 αότού
867 2687 922 2751 καὶ
947 2693 1196 2772 κατεψηφίσαντο
1224 2686 1466 2770 δκφαυλίσαντες
1494 2681 1542 2746 ἰού

318 2805 490 2887 ἰκκληοίας
511 2807 664 2886 πρότερον,
680 2803 745 2868 εἶτα
766 2803 821 2878 καί
841 2808 1024 2889 καθείρχθη
1047 2802 1094 2868 ὑπ’
1117 2803 1225 2874 αἰτίοις
1248 2800 1359 2876 αύτοίς,
1377 2805 1418 2884 μὴ
1436 2821 1538 2864 συνει-

317 2921 401 2984 δίναι
423 2923 458 2983 δί
480 2943 509 2984 τι
530 2919 598 2984 κατ’
622 2919 719 2985 αὐτῶν
741 2925 911 2998 διετείνετο,
933 2919 1019 3008 ἡμῶν
1042 2923 1076 2984 δὲ
1098 2925 1201 2984 καίτοι
1228 2920 1330 2983 πολλὰ
1353 2915 1445 2982 αύτύν
1467 2921 1540 2999 βια-

317 3043 467 3121 σαμένων,
490 3039 520 3102 εἰ
538 3061 566 3102 τι
589 3041 725 3102 σύνοιδεν
753 3035 863 3112 αύτούς
890 3051 948 3102 τῶν
975 3041 1017 3124 μὴ
1044 3042 1250 3125 καθηκόντων
1277 3035 1539 3122 εἰργασμένουςῆ

315 3155 370 3220 καί
391 3161 613 3242 φρονήσαντας,
636 3159 728 3222 εἰπεῖν
750 3167 839 3221 τοῦτο
861 3159 916 3222 καὶ
938 3162 1068 3245 φανερόν
1083 3162 1214 3234 θόσθαι,
1239 3154 1329 3229 αύτύς
1352 3156 1540 3226 ἰνστατικως

318 3275 399 3360 ύχων
421 3273 469 3360 ὴν,
492 3275 606 3339 καὶτὰ
629 3283 684 3360 μὲν
712 3287 765 3364 της
787 3284 975 3362 κατηγορίας
998 3277 1168 3364 ἰκφεύγων,
1191 3279 1466 3358 διαβεβαιούμενος
1493 3277 1538 3351 δί,

315 3395 412 3478 μηδίν
434 3415 462 3457 τι
483 3394 575 3458 κλύον
598 3395 682 3477 ύχιιν
705 3405 763 3458 τῶν
786 3395 951 3479 εἰρημένων
979 3397 1079 3472 εἰπεῖν,
1097 3395 1166 3459 υύτι
1190 3399 1271 3458 κατὰ
1295 3403 1347 3458 τού
1363 3392 1537 3474 οἰκονόμου,

315 3511 385 3577 ούτε
400 3516 481 3576 κατὰ
502 3520 555 3575 τού
572 3515 824 3599 χαρτοφύλακος,
847 3514 902 3578 καί
922 3515 1027 3598 πολλῷ
1046 3516 1140 3578 πλέον
1156 3516 1197 3599 μὴ
1214 3519 1373 3590 γινώσκειν
1397 3513 1486 3588 ίλεγί
1509 3533 1539 3572 τι

313 3636 396 3694 κατὰ
422 3641 474 3694 τού
503 3631 679 3706 σακελλίου,
707 3629 915 3715 ἰτιμαρτυριῖιν
948 3630 1014 3716 ἅμα
1042 3631 1123 3716 αύτῷ
1154 3634 1192 3718 δη
1221 3631 1263 3714 τῷ
1288 3631 1455 3694 σακιλλίοο
1481 3633 1538 3692 καί

312 3769 380 3812 τινα
394 3751 506 3832 τρίτου
528 3750 694 3834 θεοφιλοῦς
715 3747 771 3821 καὶ
794 3751 918 3812 ἰταίνου
941 3749 1020 3824 ἄξια.
1044 3749 1061 3814 ό
1084 3757 1186 3834 μάντοι
1208 3747 1374 3812 σακελλύυο
1388 3751 1466 3830 ιτρύς
1481 3749 1537 3833 τήν

312 3867 473 3950 τίρημύνην
500 3867 569 3930 κατ’
596 3865 691 3931 αύτού
719 3873 908 3951 κατηγορίαν
937 3867 1110 3952 ἁπηντικῶς
1136 3867 1191 3931 καὶ
1219 3869 1471 3952 τληρυφορησας,
1494 3866 1536 3939 ὣς

312 3984 379 4067 ύχει
401 3985 492 4066 δόξης
513 3990 583 4065 τιρί
605 4007 637 4047 τε
661 3995 715 4069 της
736 3996 794 4049 των
816 3995 931 4068 νεκρῶν
954 3986 1152 4058 ἀναστάσεως
1175 3985 1229 4048 καὶ
1252 3997 1309 4048 τῶν
1332 3984 1434 4049 ἄλλων
1458 3987 1534 4062 δογ-

311 4106 412 4185 μάτων
436 4111 489 4184 της
512 4102 691 4186 ἐκκλησίας,
715 4105 890 4189 ἰνεφιίνισεν
914 4103 1018 4167 ἰπτιτα
1039 4104 1094 4166 καὶ
1116 4107 1244 4188 γράμμα
1266 4113 1319 4167 τού
1338 4106 1532 4190 διαληφθέν-

311 4243 363 4291 τοτ
390 4221 507 4284 οἰκείου
540 4223 582 4303 τῷ
606 4227 760 4304 κρατίστῳ
792 4222 847 4286 καὶ
875 4221 952 4307 α’γίιρ
979 4246 1037 4308 μου
1064 4221 1266 4309 αύτυκράτυρι
1298 4234 1349 4289 τού
1372 4225 1534 4300 Ἀγγύλου,

309 4335 382 4421 ὅπερ
404 4339 458 4401 καὶ
482 4339 523 4410 εἰς
548 4341 680 4422 ἰοεηκυον
704 4339 896 4425 ἀνεγνώσθη,
921 4342 994 4426 ἕχον
1018 4341 1062 4406 ἰκ’
1085 4341 1183 4407 αὐτῶν
1200 4356 1257 4408 τῶν
1273 4345 1383 4416 λίίύων
1406 4338 1531 4404 οὑτωσί·

309 4457 347 4534 ,ὁ
373 4461 483 4530 δοῦλος
514 4467 567 4522 τού
597 4465 761 4538 κρατίστου
792 4460 847 4523 καὶ
879 4459 967 4538 α’γίυυ
996 4460 1082 4546 ἡμῶν
1114 4461 1264 4528 αύθύντου
1295 4469 1349 4526 καί
1375 4462 1529 4542 βασιλόως
