3282 5270
284 287 347 350 508

286 473 442 555 σεβασμία
464 481 543 557 μονῇ
566 479 618 534 τοῦ
641 470 887 556 Ἀκαταλὴκτοω
910 469 1144 554 όΚαισαμείας,
1167 470 1184 536 ό
1206 471 1346 558 Ἐφέσου,
1369 470 1387 536 ό
1409 465 1508 546 Κυζί-

286 613 355 668 κου,
378 591 395 655 δ
417 591 632 676 Χαλκηδόνος,
655 591 672 654 ό
694 591 817 676 Βιίύης,
841 589 857 654 δ
879 590 1029 675 Βρύσεως,
1053 591 1070 655 ό
1092 591 1314 678 Πεμιδεωμίου,
1347 591 1435 666 ὄντος
1457 593 1510 656 διὰ

284 714 409 795 γνώμης
430 715 559 774 καὶτοῦ
580 710 684 786 Αἴνου,
707 714 761 773 καί
783 707 957 794 ἀκηκοότες
979 719 1075 774 ταῦτα
1094 717 1148 775 καί
1171 711 1379 796 ἐρωτηθέντες
1402 711 1508 786 εἰπεῖν,

285 834 312 891 τί
334 833 389 892 καί
412 824 513 900 αύτοῖς
536 831 622 892 δοκεῖ
642 833 711 912 περί
733 831 850 904 τούτου,
872 834 982 901 πάντες
1004 829 1087 892 εἶπον
1110 828 1151 902 ὡς
1174 829 1234 894 ἀπό
1250 829 1318 903 ἐνδς
1342 834 1508 914 στόματος,

286 950 328 1030 μὴ
352 948 436 1030 ἔχειν
459 947 565 1011 ἄδειαν
588 951 664 1032 μὴτσ
685 952 737 1010 τὸν
758 953 989 1026 ταναγιιότατον
1009 950 1158 1033 δεσπότην
1174 945 1269 1034 ἡμῶν,
1292 951 1344 1013 τόν
1360 949 1507 1031 οἰκοομε·

287 1070 373 1129 νικόν
404 1070 606 1150 πατριάρχην,
640 1070 717 1151 μὴτε
740 1067 792 1149 τὴν
813 1071 881 1149 περὶ
903 1064 994 1157 αὐτόν
1017 1067 1099 1149 ἱερὰν
1121 1072 1175 1130 καί
1207 1070 1345 1153 μεγάλην
1379 1070 1508 1130 σύνοδον

286 1183 430 1248 ἐκδοῦναι
450 1179 532 1267 πρός
547 1189 613 1246 τινά
635 1205 662 1246 τι
685 1195 742 1246 τῶν
758 1194 812 1269 τῆς
827 1183 998 1270 ἐκκλησίας
1012 1189 1185 1268 κτημάτων,
1208 1188 1425 1268 κεκωλυμένον
1448 1190 1507 1268 γάρ

286 1303 472 1366 εἶναιτοῦτο
494 1307 576 1385 παρὰ
599 1315 656 1368 τῶν
679 1302 764 1386 ἱερῶν
786 1307 923 1366 κανόνων
945 1307 999 1366 καί
1022 1275 1224 1389 ἀπειρημόνον
1247 1307 1281 1367 τό
1304 1305 1424 1367 διδόναι
1439 1308 1508 1366 τινὰ

284 1431 341 1484 τοῖν
364 1418 535 1485 ἐπισκόπων
558 1418 618 1484 ἀπό
651 1431 708 1486 τῶν
741 1425 903 1506 κτημάτων
937 1433 991 1508 της
1023 1419 1069 1498 ὑπ’
1103 1421 1197 1485 αὐτοῦ
1230 1421 1400 1507 ἐκκλησίας
1432 1427 1508 1506 κμός

285 1559 361 1602 τινα·
395 1539 447 1602 διὰ
470 1547 558 1602 τοῦτο
582 1545 635 1602 καί
656 1537 743 1624 ἡμεῖς
766 1540 849 1623 εἴπερ
871 1547 926 1603 καί
949 1543 1129 1624 βουλόμεθα
1152 1553 1279 1627 ποιησαι
1301 1550 1402 1618 τούτο,
1436 1537 1508 1604 ἀλλ’

288 1653 323 1720 ού
345 1659 517 1744 δυνάμεθα,
540 1659 729 1742 κωλυόμενοι
749 1663 833 1742 παρὰ
855 1670 913 1722 τῶν
936 1658 1023 1742 ἱερῶν
1047 1663 1193 1722 κανόνων.
1216 1659 1264 1723 ἐπὶ
1285 1662 1403 1730 τούτοις
1426 1658 1507 1722 εἶκεν

284 1774 326 1850 ιῖις
350 1774 409 1839 ἀπό
432 1785 485 1840 τοῦ
507 1782 671 1860 κρατίστου
692 1781 746 1840 καί
768 1775 857 1856 άγίου
878 1775 964 1864 ἡμῶν
988 1774 1139 1842 αύδὲντου
1161 1783 1215 1841 καί
1238 1779 1388 1860 βασιλέως
1410 1775 1428 1841 δ
1448 1799 1507 1839 τε·

283 1899 451 1980 μικόδητος
473 1899 559 1966 θεῖος
582 1907 635 1981 τῆς
658 1894 747 1974 άγίας
770 1899 929 1979 βασιλείας
945 1895 1048 1974 αύτού,
1072 1894 1118 1961 ὅτι
1135 1895 1199 1962 ἐπεὶ
1214 1895 1249 1960 ού
1269 1898 1392 1960 διδόατε
1408 1905 1508 1960 ταῦτα

282 2019 358 2099 πρὸς
391 2013 495 2092 αὐτόν,
529 2017 598 2080 δότε
620 2025 726 2092 ταῦτα,
748 2015 799 2080 ἵνα
821 2022 953 2101 κατίχη,
976 2015 1076 2100 ὥσπερ
1101 2022 1287 2102 κατίχυυσιν
1319 2015 1430 2100 δτεροι-
1450 2020 1509 2079 καί

284 2139 457 2216 σπείρουσιν
479 2133 511 2197 ἐν
533 2131 636 2206 αὐτοῖς
657 2134 713 2197 καὶ
735 2133 919 2198 ἀποδιδόασι
941 2138 995 2220 τὴν
1018 2138 1130 2220 μορε-ἡν
1151 2140 1226 2220 πρός
1248 2136 1301 2218 τὴν
1324 2133 1507 2218 ἐκκλησίαν,

281 2254 352 2316 δότε
387 2249 440 2318 οὖν
468 2258 526 2317 καί
548 2249 629 2336 αύτῷ
650 2251 776 2336 ὁμοίως,
801 2251 852 2317 ἵνα
874 2252 990 2337 δρησμῷ
1013 2263 1066 2339 τῆς
1089 2253 1181 2332 ἁγίας
1215 2257 1377 2336 βασιλείας
1410 2251 1507 2317 αύτού

283 2371 472 2438 ἀποδιδῶται
492 2370 512 2458 ἡ
535 2374 630 2457 μυρτὴ
653 2383 691 2456 τῇ
714 2373 835 2456 μεγάλη
859 2373 1023 2457 ἐκκλησία.
1046 2377 1196 2458 καὶπρὸς
1218 2383 1316 2436 ταῦτα
1343 2371 1396 2436 ούν
1421 2373 1505 2436 εἶτεν

279 2489 299 2576 ἡ
333 2491 400 2574 ἱερὰ
433 2493 572 2566 σύνοδος,
606 2489 653 2554 ὅτι
675 2489 747 2556 οὐδὲ
775 2501 863 2555 τούτο
887 2491 1001 2576 ἔχομεν
1024 2491 1131 2558 ἄδειαν
1156 2502 1295 2578 ποιῆσαι,
1315 2493 1505 2554 ’κεκώλυται

279 2613 338 2694 γάρ
360 2614 414 2674 καί
436 2621 525 2674 τοῦτο
546 2615 629 2693 παρὰ
650 2623 709 2675 τοῖν
730 2609 816 2694 ἱεριῖν
831 2616 977 2687 κανόνων,
1000 2613 1272 2695 διακελευομίνων,
1289 2614 1331 2695 μὴ
1354 2613 1505 2674 δίδοσθαι

279 2730 317 2789 τέ
339 2737 394 2811 τῆς
417 2727 586 2811 ἐκκλησίας
608 2733 751 2813 κτὴματά
773 2751 830 2791 τινι
852 2740 909 2792 τῶν
932 2729 1074 2804 δυνατῶν,
1099 2735 1141 2814 μὴ
1165 2752 1212 2792 τοι
1234 2749 1268 2806 γε
1291 2735 1346 2792 καί
1370 2732 1502 2810 βασιλεῖ.

279 2843 327 2909 ἐπί
357 2857 433 2910 πᾶσι
466 2851 582 2918 τούτοις
616 2847 791 2934 ἀπεφήνατο
817 2853 872 2912 καί
894 2846 910 2911 ό
931 2852 1163 2925 παναγιύτατυς
1186 2849 1336 2932 δεσπότης
1358 2843 1456 2930 ἡμῶν,
1481 2845 1499 2908 ό

280 2963 493 3049 οίκσυμενικός
513 2972 716 3051 πατριάρχης,
739 2971 792 3029 καί
814 2964 834 3053 ἡ
856 2965 926 3049 περὶ
948 2961 1039 3042 αύτόν
1062 2964 1128 3048 ἱερὰ
1147 2971 1202 3028 καί
1217 2965 1338 3050 μεγάλη
1362 2965 1501 3039 σύνοδος,

279 3078 327 3145 δτι
347 3079 434 3168 ἡμεῖς
457 3089 511 3167 μίν
534 3085 640 3149 ἄδειαν
662 3081 719 3148 ούκ
743 3083 856 3170 ἔχομεν
880 3084 1023 3147 ἐκδοῦναι
1044 3089 1082 3148 τὰ
1097 3093 1151 3170 τῆς
1167 3085 1338 3168 ἐκκλησίας
1354 3087 1501 3166 κτήματα

277 3205 351 3283 κρός
385 3223 466 3278 τινα,
499 3200 569 3267 ούδῖ
603 3209 662 3287 γὰρ
697 3207 894 3288 βουλομένοις
916 3200 985 3288 ἡμῖν
1009 3203 1129 3277 ἐξίσται
1154 3213 1242 3267 τούτο
1275 3213 1414 3286 ποιῆσαι·
1448 3203 1502 3265 διὰ

276 3329 366 3384 τούτο
388 3325 441 3383 καί
464 3319 598 3394 ούδόλως
622 3322 795 3406 ἀπολύομεν
818 3331 923 3386 ταῦτα.
957 3324 984 3385 εί
1017 3325 1050 3386 δέ
1086 3319 1267 3404 βούλεταιύ
1303 3321 1448 3401 βασιλεύς
1482 3319 1500 3386 ὁ

278 3435 367 3514 ἅγιος
400 3440 503 3520 λαβεῖν
526 3435 604 3502 αὐτὰ
625 3451 663 3524 τη
685 3441 750 3520 ἰδία
773 3441 907 3522 ἐξουσία,
941 3439 957 3502 ό
992 3441 1134 3521 βούλεται
1155 3449 1292 3523 ποιησαι,
1327 3443 1499 3522 ποιησάτω.

277 3554 371 3629 αύτός
393 3557 492 3621 ἔδωκε
514 3568 609 3621 ταῦτα
632 3569 670 3644 τῇ
694 3559 857 3644 ἐκκλησία,
891 3556 983 3631 αὐτός
1006 3564 1060 3621 καί
1084 3561 1269 3644 βουλόμενος
1290 3559 1396 3640 λαβεῖν
1420 3555 1500 3621 αὐτὰ

276 3675 405 3756 λαβίτω,
429 3675 566 3751 ἐξουσίαν
591 3679 659 3761 ἔχει
691 3689 819 3762 ποιησαι
852 3677 899 3741 ἐπί
921 3681 1052 3754 τούτοις,
1087 3679 1104 3740 δ
1138 3679 1289 3760 βούλεται.
1323 3673 1412 3760 ἡμεῖς
1446 3675 1497 3761 ἐφ’

277 3791 391 3856 ἑαυτῶν
413 3791 547 3867 ούδόλως
568 3801 736 3880 τοιὴσομεν
760 3807 867 3873 τοῦτο,
881 3795 940 3859 κάν
963 3797 992 3858 εί
1011 3819 1039 3858 τι
1055 3803 1188 3880 γένηται.
1213 3796 1256 3867 εἰς
1271 3805 1344 3871 γούν
1360 3797 1415 3878 πὴν
1429 3799 1498 3876 κεμί

277 3914 384 3974 τούτου
406 3915 538 3997 δήλωσιν
560 3914 740 3999 ἐγράφησαν
764 3925 859 3980 ταῦτα
880 3914 912 3978 ἐν
935 3915 976 3997 τῷ
996 3919 1123 3996 καμόντι
1144 3916 1279 3996 κωδικίφ
1295 3917 1492 3997 σημειώσεως

277 4051 365 4113 χαμιν
388 4035 418 4108 ἡ.
