3258 5278
316 320 357 380 90

318 507 542 590 μητροπολίτην
562 504 670 588 Ἀπρυ
683 507 737 565 καί
751 500 912 586 ύπίρτιμυν
935 499 1020 586 εύρεν
1041 500 1061 588 ή
1084 503 1228 584 βασιλεία
1249 524 1308 588 μου
1330 502 1428 587 άνδρα
1450 504 1540 586 λύγερ

317 627 372 686 καί
398 621 491 708 ἀρετή
516 626 763 707 κεκοσμημένον,
788 621 891 706 πλήρη
913 643 946 684 τε
968 621 1112 694 παιδείας
1134 625 1188 685 καί
1208 631 1415 708 πνευματικῆς
1438 626 1537 685 συνί-

317 764 408 818 σεενς,
430 741 601 805 κᾶντεύδεν
626 737 777 826 ύρίλιμον
804 737 878 803 ύντα
904 753 965 811 τοῖς
992 739 1212 825 ίντυγχάνουσι
1237 743 1277 804 τά
1304 760 1339 818 γε
1365 739 1397 812 λς
1419 743 1540 826 ήυχήν,

315 865 370 924 καί
394 865 470 946 πρὸς
501 865 620 933 τούτοις
649 858 769 924 εύνοιαν
801 859 948 945 εἰλικρινῆ
980 861 1158 925 δεικνύοντα
1184 862 1260 944 πρὸς
1290 862 1345 946 τήν
1372 862 1541 942 βασιλείαν

317 999 385 1064 μου,
413 992 451 1065 τῇ
472 981 671 1065 προσηκούσῃ
697 987 804 1042 τοῦτον
825 989 899 1063 τιμή
927 982 982 1041 καί
1006 978 1049 1062 τῷ
1069 988 1124 1064 της
1145 980 1307 1064 καύίδρας
1326 978 1541 1062 προβιβασμηί

316 1097 504 1182 ἀμείβεσθαι
526 1093 679 1183 δίκαιονή
701 1099 845 1179 βασιλεία
864 1119 922 1183 μου
943 1075 1047 1182 κρίνει,
1070 1101 1238 1182 (τιμάσύαι
1260 1103 1319 1182 γὰρ
1341 1099 1395 1183 τήν
1417 1096 1540 1182 ἀρετήν

315 1221 369 1279 καί
390 1218 444 1300 τήν
469 1222 641 1300 πρέπουσαν
668 1215 789 1300 λπίχειν
814 1217 902 1300 τιμήν
928 1217 1094 1300 πολλαχῶς
1121 1215 1158 1280 ἂν
1184 1217 1232 1302 είη
1264 1227 1323 1281 τῶν
1348 1215 1452 1280 καλῶν
1480 1219 1540 1278 καί

316 1333 567 1419 ἰπαινουράνενν),
600 1333 732 1398 ἰπίδοσὶν
764 1356 798 1398 τε
830 1338 889 1418 γάρ
917 1331 953 1398 ού
987 1337 1097 1419 μικράν
1123 1355 1191 1399 τινα
1215 1332 1293 1398 καθ’
1315 1332 1427 1418 λαυτήν
1452 1331 1537 1418 αὕτη

312 1455 464 1537 λαμβάνει
485 1465 538 1540 της
558 1456 733 1538 πρεπούσης
754 1463 842 1539 τιμῆς
865 1453 1119 1541 δπιτογχάνοοσα,
1140 1459 1196 1518 καί
1215 1455 1291 1537 πρύς
1313 1473 1349 1532 γε
1372 1455 1432 1538 μήν
1455 1455 1538 1536 πρὸς

308 1575 361 1636 εύν
383 1570 488 1655 ὅμοιον
504 1575 677 1658 διανίστησι
692 1574 784 1658 ίήλον
799 1575 870 1646 τούς
884 1575 997 1658 ταύτης
1012 1572 1211 1644 ἁποδίοντας·
1226 1571 1325 1636 τοίνυν
1340 1577 1395 1637 καί
1409 1569 1538 1636 εύδοκεί

310 1695 365 1754 καί
380 1693 543 1775 διορίζεται
557 1713 577 1778 η
594 1670 735 1774 βασιλεία
751 1714 809 1776 μου
824 1693 878 1757 διὰ
898 1701 952 1757 τού
973 1695 1123 1776 παρύντος
1143 1695 1391 1777 προστάγματος,
1406 1691 1535 1776 λείχειν

309 1811 361 1872 τύν
376 1811 558 1893 δηλενύίντα
573 1809 734 1894 ίερύτατυν
750 1810 972 1895 μητροπολίτην
986 1809 1095 1894 ”Am
1116 1815 1171 1874 καί
1193 1807 1353 1895 ύπάρτιμον
1369 1813 1421 1873 τάν
1436 1813 1534 1872 τύπον

308 1938 362 1992 τού
384 1927 544 2013 Εύχαίτενν
566 1934 621 1994 καί
643 1927 810 1994 ἀπολαύειν
831 1940 886 2016 της
908 1928 1085 2015 ἀνηκούσης
1106 1929 1150 2012 τηῑ
1164 1937 1291 2013 εοιούτερ
1313 1931 1418 2013 δρύνερ
1440 1939 1535 2014 τιμης

309 2047 342 2110 δν
357 2070 389 2112 τε
405 2061 470 2120 ταῖς
484 2051 567 2112 κατὰ
582 2049 636 2133 τήν
657 2049 748 2113 θείαν
769 2053 824 2112 καί
843 2048 928 2133 ἱεράν
948 2049 1076 2114 σύνοδον
1098 2050 1267 2125 συνάξεσιν,
1291 2047 1324 2112 ίν
1346 2069 1379 2112 τε
1401 2052 1535 2114 στάσεσι

308 2171 361 2230 καί
375 2169 547 2251 καύίδραις
561 2171 616 2231 καί
629 2177 695 2240 ταῖς
705 2167 824 2240 λοιπαίς
835 2169 1039 2246 αυνελεύσεαι,
1050 2171 1105 2232 καί
1120 2165 1224 2240 ἁπλῶς
1236 2167 1459 2233 είπείνπάντεεν
1471 2179 1534 2232 τὸν

307 2284 506 2370 ὁπωσδήποτε
523 2285 713 2371 άνηκύντιεν,
735 2285 778 2359 ὥς
793 2287 926 2371 είρηπαι,
949 2286 991 2371 τῷ
1008 2290 1112 2370 δρύνηι
1127 2297 1182 2351 τού
1196 2284 1359 2372 Εὐχαίτεεν
1374 2291 1452 2372 μετὰ
1465 2291 1533 2350 πά·

308 2424 366 2486 σης
388 2402 496 2476 ἀδείας
517 2405 552 2466 τύ
575 2401 636 2467 ἀπὸ
658 2405 747 2467 τοῦδε
770 2408 911 2488 μετίχειν
932 2408 987 2468 καί
1008 2404 1174 2469 ἀπολαύειν
1190 2401 1292 2480 αύτύν,
1315 2401 1362 2491 ip*
1385 2403 1414 2487 ιβ
1434 2409 1491 2466 καί
1514 2401 1533 2468 ύ

309 2517 478 2597 ἁγιώτατύς
494 2543 552 2604 μου
567 2523 727 2606 δεσπότης,
743 2520 760 2586 ύ
775 2513 989 2613 οίκουμενιεύύς
1008 2527 1211 2608 πατριάρχης,
1234 2525 1350 2607 στίρξει
1370 2527 1426 2586 καί
1448 2521 1530 2587 ἀπυ-

308 2642 427 2713 δίξεται
447 2649 537 2703 τοῦτο
560 2644 637 2723 μετὰ
667 2650 721 2726 τής
745 2646 815 2725 περί
840 2637 933 2706 αύτύν
957 2645 1049 2714 δείας
1076 2647 1131 2708 καί
1158 2641 1244 2726 ἱεράς
1265 2641 1446 2727 ύμηγύρεας
1468 2653 1529 2706 τῶν

310 2759 478 2844 ἱερωτάτιεν
502 2759 680 2844 ἀρχιερίων,
696 2766 751 2825 καί
772 2761 904 2846 δκύήσει
918 2766 1011 2848 χάριν
1032 2765 1139 2828 τούτου
1153 2767 1209 2826 καί
1235 2765 1343 2846 πράξιν
1365 2764 1531 2848 σονοδικήν

309 2877 405 2942 ταύτὰ
431 2889 527 2942 ταῦτα
549 2880 831 2963 διαλαμβάνουσαν,
854 2880 932 2964 ἅπερ
954 2886 1009 2946 καί
1031 2879 1048 2946 ύ
1070 2892 1124 2967 ιής
1140 2884 1299 2964 βασιλείας
1315 2904 1374 2965 μου
1389 2881 1529 2965 δρισμύς.

306 2997 360 3060 διὰ
375 3001 434 3080 γάρ
451 3007 540 3062 τοῦτο
556 3003 611 3062 καί
622 3001 657 3062 τύ
668 3001 767 3082 παρύν
779 2984 832 3084 τῆς
848 3001 1007 3080 βασιλείας
1019 3022 1078 3083 μου
1090 2999 1226 3077 δγεγύνει
1238 2995 1323 3081 αύπηῐ
1332 3003 1529 3083 πρύσταγμα.

371 3115 519 3201 ήΕίχε
552 3114 601 3180 δι’
634 3116 836 3200 δρυδρόν
869 3121 1142 3201 γραμμάτων
1175 3126 1251 3202 τής
1282 3119 1419 3188 δείας
1451 3120 1529 3179 καί

310 3235 557 3320 βασιλικῆς
589 3237 748 3320 χειρδς
779 3239 839 3300 τύ·
873 3239 977 3320 μηνί
1008 3237 1200 3318 νυεβρίφ
1232 3233 1311 3300 ίνδ.
1346 3234 1373 3318 β’
1404 3239 1436 3313 †.

573 3421 690 3486 XLIX.
706 3421 946 3501 (6827-1318)
960 3421 1121 3486 novembri
1134 3421 1197 3485 ind.
1213 3421 1253 3485 11.

338 3563 465 3634 Βρειοάειε
483 3565 627 3634 confimat
641 3565 766 3631 ρταιίαινε
782 3565 951 3633 {amhn
969 3581 1123 3618 οειεεεεεαπε
1141 3563 1329 3632 ιιευυροίίναε
1348 3561 1501 3634 Am.

393 3707 479 3786 ήΤδ
502 3717 555 3772 τού
577 3715 742 3791 κρατίστου
768 3712 823 3771 καί
849 3706 938 3786 ύγίου
962 3731 1020 3793 μου
1043 3705 1270 3792 αὐτοκράτορος
1291 3713 1362 3791 περὶ
1383 3713 1423 3772 τὰ
1445 3710 1529 3772 καλὰ

309 3827 469 3912 φιλότιμον
490 3833 545 3890 καί
567 3831 602 3890 τύ
624 3835 677 3890 πού
699 3830 813 3909 τρύπου
840 3823 965 3909 εύσιβὲς
991 3832 1047 3891 καί
1076 3829 1121 3891 ἔτι
1147 3831 1182 3891 τύ
1208 3837 1261 3912 τής
1288 3833 1412 3912 γνώμης
1436 3824 1530 3891 αὐτού

309 3945 458 4030 φιλύδεον
477 3945 564 4007 ἴσασι
586 3949 641 4028 μίν
662 3949 782 4021 πάντες,
806 3943 874 4010 ὅσοι
900 3957 937 4030 τη
967 3940 1222 4030 αύτοκρατορικῇ.
1240 3949 1295 4008 καί
1321 3949 1530 4031 κυβερνητικῇ
1561 3939 1563 3943 ’

311 4063 522 4145 πηδαλιουχίη
544 4059 636 4127 αύτού
659 4065 861 4140 διιδύνονται,
882 4064 969 4128 ἴσασι
991 4065 1025 4126 δί
1048 4068 1158 4133 πάντες
1179 4067 1234 4126 καί
1256 4061 1298 4136 ὣς
1319 4051 1439 4148 πολλήν
1460 4071 1530 4147 περὶ

310 4181 363 4263 τήν
385 4187 439 4241 τού
461 4183 538 4242 θεοῦ
562 4179 652 4258 ἁγίαν
676 4181 845 4266 λκκλησίαν
869 4182 1056 4245 ἐνδείκνυται
1078 4183 1131 4265 τήν
1154 4183 1297 4245 διάθεσιν
1311 4186 1365 4245 καί
1385 4187 1530 4267 στοργήν,

310 4297 352 4368 εἐς
379 4297 486 4370 δεεῐναι
513 4300 613 4375 λίγειν
641 4298 732 4364 αύτύν
760 4306 814 4364 καί
845 4305 923 4384 μετὰ
948 4309 1001 4364 τοῦ
1032 4304 1190 4385 προφήτου
1223 4306 1530 4385 παρρησιασάμενον,

310 4415 356 4479 ὅτι
379 4417 416 4492 ,,ύ
440 4421 532 4502 ζήλυς
554 4427 606 4481 τοῦ
629 4419 715 4481 οἴκου
738 4442 793 4482 σου
813 4425 970 4508 κατάφαγε
998 4427 1072 4503 με“·
1100 4425 1154 4482 καί
1182 4423 1333 4503 μαρτύρια
1361 4425 1418 4504 μὲν
1450 4421 1532 4484 ἄλλα

309 4537 408 4601 πολλά
429 4559 462 4600 τι
484 4543 539 4602 καὶ
562 4543 691 4620 μέγιστα
712 4541 824 4601 τούτων
847 4539 998 4612 ἕδειξίπε
1020 4541 1075 4601 καί
1098 4537 1146 4602 ἀεὶ
1167 4540 1305 4604 δείκνυσι
1328 4544 1473 4622 προάγων
1498 4561 1529 4600 τε
