3258 5278
278 268 352 340 16⁶1

151 485 152 488 ¹
274 459 329 516 καί
351 453 469 517 ίνύοσιν
491 459 545 515 τού
566 460 693 516 τοπικού
716 449 883 536 ἀρχιερίως
906 449 1092 533 ἀπελάβοντο
1114 450 1169 513 καὶ
1190 451 1345 534 κατίαχον
1373 453 1413 514 τὰ
1434 471 1504 518 τοι·

275 580 355 634 αύτα
377 574 571 654 μοναστῆριαΙ
592 569 622 634 οἱ
643 580 698 655 τῆς
720 576 774 632 τού
795 569 926 641 Καλόως
949 573 1091 653 μοναχοί,
1115 567 1307 632 ἀπανίλύωσι
1328 573 1384 631 καί
1407 564 1504 640 αὖθις

275 701 313 774 τῆ
336 699 390 775 τῆς
411 689 586 774 Μηθύμνης
609 688 764 773 ἐκκλησία
785 699 966 764 κανονικιῑις,
982 693 1038 752 καί
1051 692 1244 772 κατίχωνται
1264 692 1319 750 καί
1333 687 1504 765 διεξάγων-

274 830 326 872 ται
347 813 430 890 παρὰ
452 817 504 872 τού
528 807 696 892 ἀρχιερόως
718 812 800 870 κατὰ
822 811 856 870 τό
879 808 1010 883 δίκαιον,
1034 805 1109 890 ὅπερ
1132 807 1201 891 ἕχει
1222 807 1266 878 εἰς
1289 803 1367 870 αότά
1388 805 1424 870 ἀκ
1447 816 1504 891 τῆς

276 939 335 990 τῶν
358 925 445 1010 ἱερῶν
468 930 604 990 κανόνων
627 929 787 1010 ύιαιαγῆς,
810 929 862 990 τόν
886 923 977 990 αὐτόν
999 927 1034 989 a}
1056 929 1164 1008 τρόπον
1189 924 1384 989 λπανίλθωσι
1406 928 1502 1010 ταύτη
1622 953 1623 958 ’

277 1045 316 1128 δὴ
339 1055 377 1129 τῆ
401 1042 554 1128 όκκλησίσρ
575 1050 630 1107 καί
653 1041 712 1107 ὅσα
735 1043 768 1106 οἵ
787 1066 820 1106 τε
843 1054 898 1128 τῆς
921 1055 979 1106 τῶν
994 1042 1142 1128 Ὁδηγιῖν,
1164 1047 1219 1106 καί
1241 1043 1269 1106 οἱ
1293 1053 1345 1128 τῆς
1368 1051 1422 1106 τού
1444 1051 1502 1126 κύρ
1622 1117 1623 1120 γ

275 1161 470 1226 Ἀθανασίοο
491 1167 547 1224 καί
569 1161 598 1225 οἱ
620 1173 674 1246 τῆς
695 1161 957 1245 Κεχαριτωμίνης
978 1166 1032 1224 καί
1055 1158 1072 1225 ό
1093 1170 1151 1244 κύρ
1167 1160 1309 1245 ΔΖωοιμεῖς
1330 1165 1385 1224 καί
1408 1159 1504 1232 εἴτις

275 1280 371 1353 ἀλλος
398 1277 573 1356 εύρίσιιεταί
594 1303 623 1344 τι
645 1283 848 1365 μοναστῆριον
871 1285 1013 1364 κατόχιον
1035 1291 1090 1364 τῆς
1112 1277 1206 1364 αύτῆς
1221 1279 1392 1365 ἀκκλησίας
1408 1285 1504 1365 χωρίς

276 1398 431 1472 λκύόσεως
454 1400 682 1486 ἀρχιερατικῆς,
707 1398 761 1464 ἅτε
783 1400 822 1484 ύῆ
845 1410 903 1462 τῶν
926 1399 1013 1482 ἱερῶν
1036 1405 1173 1463 κανόνων
1189 1401 1297 1486 μηδενί
1319 1411 1377 1463 των
1400 1396 1503 1462 ἁπάν-

275 1537 332 1581 των
353 1521 619 1603 παραχωρούντων
641 1521 716 1603 δίχα
737 1529 792 1602 τῆς
814 1527 867 1582 τού
891 1517 1061 1602 ἀρχιερέως
1087 1513 1251 1604 ύελῆσεως
1273 1523 1329 1582 καί
1351 1517 1504 1590 ἐνδόσεως

276 1632 492 1700 ὑποποιεῖσθαι
519 1636 618 1723 όαοτγύ
646 1641 863 1722 μονοιστῆριον·
892 1633 969 1700 ὅθεν
991 1643 1046 1700 καί
1075 1635 1232 1723 όρείλοοσι
1263 1640 1297 1700 τό
1324 1635 1385 1700 ἀπό
1413 1637 1504 1701 τούόε
1622 1647 1623 1722 j

275 1759 329 1818 καί
353 1751 439 1818 αύτοί
462 1754 491 1818 οἱ
513 1767 567 1842 τῆς
590 1765 642 1819 τού
665 1755 796 1826 Καλίως
819 1757 992 1838 σεβασμίας
1016 1767 1111 1840 μονῆς
1135 1761 1268 1840 μοναχοί
1289 1761 1345 1820 καί
1366 1755 1395 1818 οἱ
1418 1755 1505 1840 εἰρη·

277 1878 363 1957 μόνοι
387 1871 487 1956 ύττροι
513 1879 646 1958 μοναχοί
674 1885 731 1936 τῶν
760 1874 981 1957 διειλημμένων
1009 1886 1107 1956 μονῶν
1134 1880 1188 1938 καί
1214 1879 1326 1948 πάντες
1354 1873 1384 1938 οἱ
1412 1873 1506 1937 ἄλλοι
1622 1855 1623 1938 ζ

278 1991 464 2079 ὑπεκστῆναι
486 2005 524 2078 τῆ
543 2004 597 2079 τῆς
612 1993 787 2077 Μηθύμνης
810 1991 964 2078 ἐκκλησία
986 2005 1043 2056 τῶν
1066 2000 1284 2079 κατιχομίνων
1305 1989 1377 2076 παρ’
1393 1989 1505 2068 αότοῖν,

275 2110 351 2182 καθ’
375 2112 408 2176 ὃν
436 2111 554 2196 εἴρηται
579 2116 703 2196 τρόπον,
733 2117 944 2196 μσναστηρίων
972 2107 1066 2196 αὐτῆς
1094 2117 1148 2174 καί
1175 2111 1375 2196 ἀποσχίσύαι
1402 2107 1503 2174 αὐτῶν

274 2231 400 2308 τελέως,
423 2235 477 2294 καί
499 2233 649 2315 μηδαμῶς
673 2231 716 2302 είς
739 2234 772 2298 τό
796 2231 972 2314 ἔμπροσθεν
995 2228 1233 2314 ἀντιποιηθῆναι
1252 2217 1360 2306 αὐτῶν,
1385 2231 1427 2313 μῆ
1451 2228 1504 2292 όν-

274 2350 413 2420 όιύόντος
447 2350 526 2433 μηδὲ
563 2348 773 2430 λπιτρέαοντος
803 2357 856 2410 τού
888 2356 1015 2410 τοπικοό
1047 2345 1229 2430 ἀρχιερόως,
1263 2345 1411 2431 ἀπιτίμιον
1443 2349 1504 2430 γὰρ

276 2468 445 2550 βαρύτατον
468 2469 634 2538 σονοόικύς
657 2465 923 2548 ἀπανατεινόμεύα
937 2469 991 2528 καί
1008 2464 1229 2549 ἀπαπειλούμεν
1245 2467 1288 2547 eff
1303 2466 1503 2548 τολμῆσαντι,

276 2581 380 2656 όποῖος
406 2583 468 2669 ἀρα
494 2589 548 2648 καί
574 2583 636 2669 τίη,
670 2582 907 2668 ἀντιποιηθῆναί
932 2604 1012 2656 τινος
1045 2589 1250 2669 μοναστηρίοο
1277 2593 1331 2669 τῆς
1358 2586 1504 2669 τοιαύτης

281 2700 451 2786 ἀκκλησίας
475 2700 563 2774 ἀκτύς
589 2706 711 2786 γνώμης
733 2707 787 2764 καί
814 2703 978 2786 ύελῆσεως
1000 2709 1055 2766 καί
1081 2714 1252 2788 προτροπῆς
1274 2712 1328 2768 τού
1351 2702 1503 2786 ἀρχιτρα·

280 2830 374 2891 τικιῖς
395 2821 546 2904 λαχόντος
569 2821 712 2884 ύιιθύνειν
736 2824 774 2882 τὰ
796 2819 865 2882 κατ’
879 2815 988 2903 αὐτήν·
1012 2825 1065 2884 καί
1087 2819 1129 2893 ὡς
1146 2819 1182 2884 ἀν
1198 2817 1298 2892 ούύείς
1313 2823 1355 2903 τῷ
1369 2823 1505 2902 τοσούτῳ

280 2943 369 3020 βαρει
389 2944 547 3022 περιπίση,
569 2949 776 3022 παραινοῦμεν
799 2938 999 3023 ἀποσχόσθαι
1021 2951 1079 3006 τιῖν
1096 2945 1307 3025 μοναστηρίων
1322 2941 1417 3003 τῶνδε
1433 2941 1505 3011 τούς

277 3061 467 3140 κατόχοντας
491 3052 583 3133 αύτά,
606 3055 647 3128 ὡς
670 3057 803 3142 εἴρηται,
826 3062 881 3120 καί
905 3056 1128 3141 ἀνεμπόδιστον
1149 3065 1204 3123 καί
1229 3058 1435 3143 ἀνενόχλητον
1458 3055 1505 3120 ἀπ’

279 3171 381 3247 αότοῖς
404 3179 505 3259 μίνειν
528 3174 619 3238 ὲίῖσαι
640 3179 674 3238 τύ
699 3180 791 3260 μόρος
813 3185 867 3268 τῆς
890 3173 983 3260 αὐτῆς
1006 3175 1192 3262 λκκλησίας,.
1209 3173 1246 3240 ού
1264 3180 1332 3262 μῆν,
1347 3177 1507 3242 ἀλλὰκαὶ

278 3295 308 3358 τί
331 3314 409 3366 τινες
442 3289 635 3375 εύρίσκονται
670 3295 722 3356 διὰ
754 3298 938 3378 γραμμάτων
967 3293 1192 3379 ἀρχιερατικῶν
1224 3302 1411 3382 κατίχοντίς
1438 3317 1507 3360 τινα

279 3415 470 3496 μοναστῆρια
492 3421 546 3494 τῆς
569 3414 711 3495 τοιαύτης
735 3410 914 3496 ἐκκλησίας,
938 3418 991 3474 καί
1014 3409 1101 3477 αὐτοί
1123 3412 1282 3500 ἀρείλοοσι
1302 3419 1507 3499 προνοεῖσθαι

278 3534 516 3615 προηγοομόνως
539 3541 594 3614 τῆς
623 3527 720 3594 αὐτῶν
748 3535 940 3608 συστάσεως,
972 3536 1026 3594 καί
1053 3535 1094 3617 μῆ
1124 3532 1172 3596 ἂπί
1198 3535 1233 3595 τὸ
1260 3545 1365 3616 χεῖρον
1391 3545 1506 3617 χωρεῖν

279 3657 375 3712 ταύτα
397 3660 434 3733 τῆ
458 3647 571 3712 ίαοτῶν
594 3648 726 3733 ἀμελείᾳ
748 3648 811 3725 ἀοῖν,
829 3650 934 3712 ἔπειτα
956 3646 1089 3714 ὑπείκειν
1111 3657 1166 3714 καί
1188 3647 1340 3714 εύπειθεῖν
1356 3656 1410 3714 καί
1426 3647 1503 3715 ύπο·

284 3769 469 3840 τάσσεσθαι,
491 3765 533 3838 ύις
554 3777 722 3852 προσῆκον,
744 3772 798 3829 καί
821 3767 862 3850 τηῑ
882 3771 963 3830 κατὰ
986 3772 1076 3832 τόπον
1099 3769 1240 3852 ἀρχιερεῖ
1266 3773 1321 3832 καί
1342 3767 1387 3833 ἀπ’
1402 3765 1507 3833 οόόενί

281 3896 340 3948 τῶν
367 3879 541 3970 ἀνηκόντων
574 3881 654 3967 αὐτῷ
683 3897 853 3950 κανονικῶν
879 3887 1006 3950 δικαίων
1034 3886 1149 3951 ἀδικεῖν
1176 3897 1295 3964 τούτον,
1331 3887 1359 3951 εὶ
1387 3886 1414 3950 δ’
1441 3885 1505 3965 οὖν,

280 4003 401 4076 ἀείσεαι
428 3999 511 4085 αύτῷ
536 4000 659 4075 ίξωύεῖν
687 4007 811 4076 τούτους
839 4001 959 4068 ἐκεῖθεν
990 4009 1044 4067 καί
1071 4017 1109 4089 τῆ
1135 4002 1204 4067 κατ’
1231 4001 1322 4068 αότόν
1350 4003 1506 4089 λκκλησία

281 4118 487 4190 ἀπανασύίειν
509 4125 548 4183 τὰ
570 4123 761 4203 μοναστῆρια
783 4131 888 4185 ταῦτα.
915 4131 1004 4185 τούτο
1032 4125 1067 4186 ύό
1095 4135 1215 4206 κρατεῖν
1243 4123 1425 4206 βουλόμεθα
1449 4127 1506 4187 καί

284 4235 333 4302 ἐπί
353 4249 420 4316 τᾳίς
446 4239 567 4302 λοιπαῖς
595 4236 793 4323 ἐκκλησίαις,
818 4251 947 4324 πρᾶγμα
975 4247 1035 4326 γὰρ
1063 4241 1270 4326 ἐπιχωριασαν
1297 4241 1416 4326 ὁρῶμεν
1439 4255 1506 4314 ταῖς

284 4354 466 4441 ἀκκλησίαις
487 4360 664 4442 παράλογον
687 4363 741 4420 καί
763 4371 821 4424 τῶν
844 4358 931 4444 ἱερῶν
953 4366 1089 4425 κανόνων
1105 4359 1205 4438 όκτύς,
1228 4360 1429 4450 ἀραιρούνται
1444 4365 1505 4446 γάρ

283 4495 361 4546 τινες
393 4471 492 4539 αὐτῶν
524 4480 715 4560 μοναστήρια
747 4482 801 4540 καί
831 4483 1030 4560 καρπίζονται
1062 4489 1158 4543 ταῦτα
1189 4481 1265 4564 όίχα
1298 4484 1420 4564 γνώμης
1452 4490 1506 4544 καί
