3282 5270
1291 323 1354 385 493

129 517 191 588 θος
223 515 329 598 κύριος
363 513 411 599 εἵη
443 512 652 598 διαφυλάττων
685 509 738 594 την
770 508 940 594 ἁγιωσύνην
975 529 1029 572 σου
1055 507 1208 590 ἀνωτόραν
1239 512 1353 578 παντός

133 631 262 716 ἀνιαροῦ
286 635 515 716 συναντηματός
536 636 567 702 †.

403 817 604 882 ¹OOXXXV.
627 817 710 883 68⁷5
727 815 840 894 (1367)
859 813 944 878 iulio.
960 813 1024 878 ind.
1039 814 1077 878 V.

258 958 487 1028 Δηιιφοιῳω
501 957 640 1012 mac,
659 957 830 1027 msam
842 957 873 1008 οι
886 957 1058 1024 metropolim
1069 954 1225 1026 Νοιρσιο.
1239 1035 1241 1038 Ι

214 1109 235 1182 †
283 1103 451 1186 Πρᾶξις
499 1101 721 1185 συνοδοκη
766 1099 837 1163 m
883 1111 931 1184 τῇ
979 1102 1233 1182 μετα-δόσει
1278 1107 1352 1162 τοῦ

127 1221 405 1286 Ναυπάκτου
440 1220 482 1295 λε
514 1218 884 1304 ὰρχιιπισκυπῆς
918 1227 992 1302 της
1025 1217 1262 1290 Λευκάδος
1293 1222 1323 1296 †.

214 1344 234 1418 ’γ
258 1339 385 1403 Σκοπείν
411 1341 473 1423 χρὴ
496 1337 551 1401 καὶ
573 1341 607 1400 τό
630 1347 683 1422 της
705 1341 804 1421 ψυχῆς
823 1335 912 1420 ’ὄμμα
943 1346 1102 1420 πανταχοῦ
1125 1340 1279 1420 περιάγειν
1300 1339 1352 1398 τόν

127 1479 164 1538 γε
189 1458 317 1544 άληθῶς
341 1457 488 1543 εἰληφότα
508 1461 592 1540 παρά
612 1457 744 1540 Χριστοῦ
766 1457 820 1540 την
842 1467 900 1519 τῶν
923 1452 1017 1526 αὐτοῦ
1049 1457 1182 1534 λογικῶν
1205 1459 1350 1540 θρεμμά-

127 1566 195 1643 των
219 1579 423 1662 ποιμαντικήν
455 1581 657 1660 προστασίαν,
685 1581 738 1638 καί
761 1575 819 1659 μὴν
841 1575 880 1658 δὴ
902 1575 1053 1658 προύργου
1076 1577 1234 1651 τίθεσθαι,
1268 1573 1350 1647 ὅπως

126 1698 223 1782 μηδίν
246 1719 274 1760 τι
296 1699 408 1760 τούτων
431 1701 522 1778 μόρος
545 1691 699 1757 όποσυλῶν
722 1693 738 1758 ό
760 1693 792 1768 δε
814 1693 913 1778 ἀρχῆς
934 1691 1003 1779 ἡμῖν
1029 1697 1211 1776 γβοισκαίνινν
1234 1697 1343 1777 πόρρω

126 1817 229 1900 βάλλῃ
264 1825 319 1900 τῆς
338 1815 557 1899 προσηκούσης
578 1817 633 1877 καί
656 1817 805 1897 σωτηρίου
826 1823 922 1896 νομῆς
944 1824 981 1897 τῇ
1009 1815 1204 1877 σπάνεικαί
1238 1811 1351 1896 ἐρημία

123 1947 184 2001 τῶν
207 1947 273 2006 ταῖς
295 1934 513 2003 διδασκαλίαις
535 1929 636 2015 ὥσπερ
661 1937 721 1996 τισί
752 1935 842 2002 πόαις
875 1931 1032 2018 ίκτρόρτιν
1065 1927 1144 1995 αὐτά
1164 1933 1349 2015 δοναμύνων,

126 2054 163 2121 ού
189 2059 292 2144 μόνον
325 2057 384 2136 γὰρ
417 2053 575 2116 ἀπολεῖται
607 2053 643 2114 τύ
674 2060 727 2114 τοῦ
749 2051 881 2135 Χριστοῦ
902 2056 1040 2134 ποίμνιον
1063 2061 1101 2135 πη
1135 2059 1190 2135 της
1220 2051 1350 2136 λογικης

127 2173 233 2255 όνδείιγ
254 2183 385 2258 τρυρης,
418 2169 499 2234 υἰλλᾰ
521 2165 576 2232 καί
596 2171 691 2253 θηρσί
714 2171 793 2252 βορά
815 2173 899 2232 ταυτί
921 2172 1094 2254 γενήσεται,
1115 2170 1200 2246 λόγου·
1223 2169 1261 2254 δη
1284 2179 1350 2242 ταῖς

126 2289 305 2376 τύδυκίμυις
327 2295 381 2353 καί
402 2291 563 2373 κιβδήλοις
585 2287 802 2359 διδασκαλίαις
824 2297 882 2350 τῶν
904 2288 993 2370 ἔργον
1016 2284 1066 2351 ἀεὶ
1086 2292 1287 2372 ποιουμίνιυν,
1310 2291 1349 2352 τά

124 2407 362 2496 τηςῑεύσεβείας
380 2408 531 2490 εἰλικρινῆ
546 2405 696 2489 ,δόγματα
717 2407 966 2490 παραχαράττειν
992 2409 1047 2468 καί
1080 2407 1122 2489 τῷ
1143 2411 1217 2490 σίτιρ
1241 2408 1275 2470 τύ
1299 2411 1347 2480 ζι-

125 2517 230 2601 ζάνιυν
253 2525 452 2607 ῦποσπείρειν·
487 2521 563 2586 δάεν
586 2519 649 2586 οὐδ’
675 2521 723 2586 όπί
743 2524 821 2586 πολύ
844 2525 904 2607 χρὴ
925 2526 1167 2606 παρατείνεσθαι
1188 2525 1222 2586 τό
1256 2521 1349 2587 ἀποί·

124 2666 239 2730 μαντον
262 2653 320 2706 τῶν
343 2651 541 2727 χηρευουσῶν
563 2641 748 2725 ἐκκλησιῶν,-
771 2637 841 2725 μηδ’
865 2639 937 2704 άνεο
949 2643 1099 2725 1προόδρυυ
1115 2643 1226 2714 ταύτας
1241 2643 1347 2722 διατε-

123 2765 199 2837 λεῖν,
215 2765 270 2825 καί
286 2757 415 2845 μάλισθ’
431 2755 520 2831 ὅσαις
536 2759 711 2843 σομβόβηκε
727 2763 822 2841 μόυυν
837 2768 931 2836 γενῶν
942 2800 955 2820 -.
969 2807 977 2822 .
990 2808 1019 2822 ..
1043 2755 1085 2831 ιὐς
1101 2757 1132 2822 λν
1155 2759 1271 2845 σπυδιά
1292 2769 1349 2845 τύρ

124 2881 379 2963 συγκρύπτεσδαι
401 2883 455 2941 καί
477 2881 512 2941 τά
534 2882 649 2964 φαίνειν
673 2880 758 2945 κατά·
777 2879 885 2960 μικρόν
906 2874 1107 2958 ἀποβάλλειν,
1132 2876 1172 2961 μὴ
1199 2882 1349 2961 παρόντος

123 3007 177 3062 τοῦ
211 2999 265 3082 τὴν
300 2995 410 3081 ἄναψιν
431 2997 601 3080 δυναμένου
622 3007 728 3071 ποιεῖν,
762 2993 865 3058 δποῖον
887 2996 985 3080 δήπου
1007 2999 1061 3057 καί
1084 2997 1118 3059 τύ
1140 3005 1191 3059 νῦν
1205 2993 1283 3081 ἡμῖν
1317 2996 1349 3060 όν

124 3117 242 3194 λόγοις·
275 3112 295 3199 ἡ
329 3119 389 3198 γάρ
421 3125 487 3184 ταῖς
510 3117 668 3197 μεγίσταις
691 3111 810 3176 ἄνωθεν
836 3111 1017 3196 ἐγκριθεῖσα
1039 3124 1097 3178 τῶν
1131 3117 1348 3199 μητροπόλεαν

126 3233 283 3318 ἁγιωτάτη
322 3233 509 3317 μητρόπολις
546 3229 763 3305 Ναυπάκτου,Ι
789 3229 958 3314 ἀρχιερέως
1000 3236 1126 3316 γνησίου
1163 3235 1348 3318 χηρεύουσα,

125 3357 217 3439 ψήριρ
241 3353 388 3436 συνοδικῇ
403 3355 455 3414 τόν
470 3349 581 3434 ἑαυτῆς
595 3354 737 3433 ποιμένα·
751 3353 805 3413 καί
827 3351 976 3434 πρόεδρον
999 3350 1132 3438 εἵληρεν,
1155 3351 1254 3437 ἄνδρα
1276 3375 1348 3418 συν-

127 3473 197 3537 ετόν
230 3474 285 3533 καί
316 3471 468 3540 πολλάκις
491 3463 564 3551 ύπόρ
590 3456 749 3549 εὐσεβείας
781 3469 1019 3552 διηγωνισμένον
1051 3491 1083 3532 τε
1109 3473 1348 3550 καίηπαθύνπα,

126 3589 168 3662 ύς
193 3591 307 3664 ἔδειξεν
329 3587 348 3672 ἡ
371 3587 442 3674 ἡμίν
457 3584 530 3670 ύπὲρ
546 3583 639 3652 αὐτοῦ
654 3587 941 3674 πἐμρόείοακοινη
963 3591 1047 3669 παρά
1069 3597 1127 3650 τῶν
1149 3585 1252 3667 λκεῖσε
1273 3609 1347 3651 τοπ-

126 3720 242 3794 αρχῶν,
266 3696 323 3771 ’ἔτι
355 3707 390 3769 δὲ
413 3709 468 3769 καί
489 3715 547 3768 τῶν
570 3703 671 3768 ἄλλων
693 3709 810 3769 πάντων
834 3705 979 3788 λκκρίτων
1002 3729 1034 3768 τε
1056 3709 1111 3770 καί
1132 3707 1274 3784 λογάδων
1295 3710 1350 3770 καί

126 3835 184 3889 τῶν
207 3833 261 3888 τοῦ
283 3827 402 3910 κλήρου
425 3823 580 3907 ἔγγραφος
603 3828 763 3906 μαρτυρία,
786 3821 821 3886 οό
846 3825 904 3906 μὴν
927 3822 1009 3886 ἀλλὰ
1034 3827 1088 3886 καί
1120 3824 1174 3906 την
1207 3801 1369 3906 χειροτυᾸ

127 3949 195 4006 νίαν
227 3947 373 4028 πρότερον
406 3953 459 4026 της
482 3939 654 4040 ἁγιωτάτης
687 3939 929 4030 ἀρχιεπισκυπῆς
950 3941 1113 4020 Λευκάδος
1146 3939 1347 4026 ἆνηρημὲνον,

128 4064 370 4146 ἀπυδιωχόόντα
401 4058 428 4124 δ’
452 4059 573 4124 ἐκεῖθεν
594 4064 677 4144 παρά
699 4071 756 4124 τῶν
779 4061 911 4136 Ἰταλῶν,
946 4051 996 4132 ὅς’
1013 4062 1050 4144 δη
1072 4064 1155 4144 παρά
1177 4071 1232 4147 τῆς
1263 4059 1348 4146 ἡμῶν

128 4185 337 4268 μετριότητος,
360 4182 450 4264 ψηριρ
473 4179 628 4263 σονυδικη,
651 4177 693 4250 ὥς
715 4180 896 4262 δεδήλωται,
914 4189 967 4264 τῆς
981 4183 1048 4261 περί
1065 4176 1157 4264 αύτην
1172 4179 1350 4265 όμηγύρεως

126 4313 185 4364 τῶν
209 4299 378 4385 ἱερωτάτων
401 4299 637 4382 μητροπολιτῶν,
651 4306 705 4359 τοῦ
719 4296 920 4378 Καισαρείας,
944 4306 997 4360 τοῦ
1019 4297 1163 4383 Ἐρέσου,
1180 4307 1233 4361 τοῦ
1254 4297 1349 4380 Ἡρα-

127 4421 247 4495 κλείας,
271 4429 324 4482 τοῦ
346 4415 491 4492 Κυζίκου,
514 4425 568 4479 τοῦ
582 4415 793 4497 Χαλκηδόνος,
817 4425 870 4477 τοῦ
886 4413 1174 4499 Ἃδρισινοοπόλεως,
1197 4425 1250 4479 τοῦ
1266 4415 1348 4480 Πον-

128 4539 343 4622 τοηρακλείατ.
369 4547 422 4600 τοῦ
444 4536 596 4616 Βρύυεονς,
621 4541 673 4596 τοῦ
696 4533 798 4610 Αἴνου,
821 4543 874 4598 τοῦ
896 4535 1020 4622 Βιίύης,
1043 4547 1095 4601 τού
1112 4535 1281 4620 Σηλυβρίας
1296 4541 1350 4598 καί
