3314 5266
315 285 379 351 544

314 469 370 536 καί
391 480 497 544 τοῦτον
520 470 644 552 ἰπεβόα,
666 473 721 536 καί
743 467 817 534 αύτό
840 470 949 544 δείξειν
971 472 1005 532 τό
1025 479 1155 554 πρᾶγμα
1170 482 1308 555 φανερῶς
1322 471 1438 548 ίλεγεν,
1462 469 1542 536 ὅθεν

313 596 369 657 καί
401 603 460 655 τῶν
493 602 546 676 της
569 591 739 674 ἐκκλησίας
763 589 918 674 ἀρχόντων
939 593 1018 662 τινὲς
1041 588 1270 675 ἀπεστάλησαν,
1292 595 1346 653 καί
1368 589 1541 666 τούτον,.ιἐ

311 713 395 796 δίκη,
418 714 469 774 τόν
492 707 616 773 ἀνόσιον
644 710 698 773 σύν
721 721 786 780 ταῖς
809 720 955 792 μαγικαῖς
978 705 1072 772 αύτοῶ
1095 711 1213 791 βίβλοις
1228 707 1431 792 άρπάσαντες
1452 708 1540 794 ἤγα-
1655 761 1656 772 ,

314 850 378 907 γον,
401 829 467 914 εἶχε
489 831 524 891 δί
539 831 658 898 Ιταύτας
680 826 795 898 ἀκείνυς
817 825 859 908 ὣς
876 831 1062 910 μαργάρυος,
1078 825 1119 899 ῶς
1134 831 1313 912 θησαυρούς
1328 829 1539 892 κατακεκλει-

314 953 443 1032 σμένους
466 947 497 1010 ἰν
519 949 783 1018 σενδυοκίοις.-καί
806 952 834 1008 τί
856 947 1064 1027 ταύτα;·πρύς
1081 941 1173 1009 αύτόν
1187 945 1207 1030 ἡ
1223 949 1298 1010 δεία
1312 947 1441 1019 σύνοδος
1458 946 1539 1010 ἀπε-
1655 951 1656 1018 ζ

312 1073 454 1151 κρίνοιτο,
478 1065 502 1129 ὦ
525 1071 614 1150 μιαρί
637 1068 674 1130 σύ
696 1071 751 1128 καί
773 1075 827 1150 τῆς
849 1063 1004 1136 ἀπωλείας
1026 1063 1081 1139 υἰό,
1116 1067 1168 1130 διά
1191 1075 1287 1130 ταῦτα
1309 1065 1341 1128 αἰ
1374 1064 1539 1148 ἀγρυπνίαι

313 1209 380 1264 σου,
403 1187 435 1250 αἱ
460 1191 599 1272 νηστείαι
621 1207 685 1262 σου,
708 1189 743 1254 ,τύ
764 1191 832 1268 περὶ
854 1190 908 1256 τὰς
931 1183 1040 1269 ἑορτάς
1063 1204 1119 1247 σου
1141 1186 1301 1270 φιλότιμον
1321 1190 1375 1250 καί
1405 1183 1426 1271 ἡ
1448 1191 1541 1250 πενία
1655 1187 1656 1208 ¹

310 1311 365 1370 καί
386 1304 406 1392 ἡ
430 1303 585 1382 εύτίλεια;
607 1311 652 1376 τίς
674 1303 693 1390 ἡ
716 1308 851 1390 τοσαύτη
873 1307 974 1389 πλάνη
996 1301 1091 1390 καὶὴ
1115 1303 1284 1389 ἀπόκρισις.
1307 1305 1348 1377 ὃς
1370 1309 1405 1370 δὲ
1427 1307 1541 1388 διαβο-

313 1425 371 1500 λάς
399 1430 552 1507 συναίρειν
584 1428 640 1487 καί
659 1427 840 1510 ,προφάσεις
864 1421 1054 1496 ἀσυστάτυυς
1076 1445 1107 1486 τε
1128 1428 1184 1488 καί
1206 1425 1338 1508 ψευδεῖς,
1371 1423 1424 1497 ὃς.
1439 1427 1540 1509 δηδεν
1655 1421 1656 1494 ἰ

310 1540 384 1627 ύπόρ
405 1545 518 1606 τούτων
542 1543 802 1627 ἀπολογούμενος,
827 1543 951 1628 ἤρξατο,
985 1553 1091 1607 τοῦτον
1114 1547 1168 1628 μίν
1191 1545 1287 1628 σιγὴν
1301 1544 1386 1620 ἄγειν
1410 1543 1537 1627 ἰπάτρε·

308 1666 379 1746 ραν,
401 1665 457 1732 τὰς
479 1662 515 1724 δί
537 1665 650 1744 μιαράς
673 1658 766 1724 αύτού
790 1663 912 1744 βίβλους
929 1660 1093 1736 ἀνίλιττον,
1117 1661 1148 1724 ἰν
1171 1661 1220 1734 αίς
1235 1667 1289 1725 καί
1304 1665 1338 1724 τό
1353 1663 1536 1744 πολυύρύλ-

309 1779 403 1864 λητον
426 1776 473 1844 ἀπ’
497 1778 625 1862 ἀσεβιίφ
646 1777 665 1864 ἡ
688 1779 850 1863 Κοιραννίς
871 1778 919 1864 ἠν,
942 1779 1009 1844 εἶτα
1031 1785 1085 1842 καί
1100 1781 1309 1862 τετράδιόν,τι
1329 1782 1432 1864 πάσης
1453 1777 1534 1842 ἀσε-

309 1900 395 1981 βείας
416 1899 530 1984 πληρες
552 1893 678 1983 εύρίδη,
702 1901 854 1983 δαιμόνων
878 1898 1055 1984 ἰπικλησεις
1077 1899 1152 1982 ἕχον
1174 1904 1230 1963 καί
1248 1897 1369 1982 ἰπῳδάς
1383 1903 1438 1962 καί
1459 1895 1557 1961 ἰινό-Ι

310 2039 402 2102 ματα,
436 2022 550 2103 γραφίν
571 2023 657 2100 παρὰ
686 2027 740 2082 τού
772 2022 831 2100 πρό
865 2029 976 2102 μικροῦ
1009 2021 1171 2096 γεγονότος
1203 2023 1451 2102 πρωτονυιταρίου
1477 2027 1534 2101 τῆς

307 2134 384 2201 καθ’
406 2133 489 2222 ἡμας
512 2135 684 2221 ἀγωνιάτης
707 2147 760 2208 τοῦ
783 2141 861 2202 θεοῦ
884 2139 1023 2222 μεγάλης
1045 2136 1225 2220 ἐκκλησίας,
1247 2141 1335 2200 πάπα
1356 2139 1534 2222 Δημητρίου
1655 2163 1656 2168 ’

307 2265 361 2320 τού
383 2256 526 2338 Χλῶρού,
558 2259 613 2318 καί
635 2259 781 2332 συνταγίν
803 2255 873 2339 παρ’
896 2253 989 2320 αύτού
1011 2259 1093 2338 πύνιρ
1106 2255 1220 2337 ,πολλῷ
1245 2259 1300 2319 καί
1333 2259 1446 2339 μόχθῳ
1470 2255 1532 2318 ἀπό

306 2376 431 2456 βιβλίων
462 2372 572 2456 ἰτίρινν
605 2385 752 2456 μαγικῶν,
786 2380 1023 2460 προηγυομίνως
1050 2384 1103 2458 της
1136 2397 1167 2437 τε
1180 2373 1391 2456 Ιίίοιραννίδος
1424 2371 1529 2458 αύτης,
1655 2471 1656 2484 φ

305 2499 360 2558 καί
380 2495 501 2557 πολλῶν
524 2493 627 2556 ἄλλων
650 2491 769 2568 ἀτόπων
791 2501 845 2558 καί
869 2505 992 2580 μιαρῶν,
1017 2489 1087 2557 υύδδ
1110 2497 1170 2576 γὰρ
1192 2492 1257 2577 εἶχε
1279 2497 1313 2556 τό
1334 2497 1529 2576 πρωτότοκον

305 2615 351 2690 ἰν,
385 2611 427 2685 ὥς
460 2610 536 2676 αὐτὸ
558 2615 592 2676 τό
614 2624 742 2696 πράημα
765 2625 901 2699 φανερῶς
924 2613 1123 2697 ἐμαρτύρησε.
1147 2617 1200 2675 καί
1222 2615 1314 2690 λόγον
1333 2613 1454 2676 ’δοῦναι
1475 2615 1529 2675 τόν

303 2731 430 2814 Χλωρόν
451 2735 650 2815 παραστάντα
673 2733 714 2813 τῷ
738 2737 806 2796 τότε
830 2745 867 2817 τῇ
890 2735 1007 2815 συνόδῳ
1031 2731 1200 2815 ἁπητησαν,
1215 2733 1248 2803 ὃς
1269 2737 1324 2795 καί
1347 2733 1441 2815 μηδὲν
1464 2753 1527 2816 μη·
1655 2797 1656 2800 γ

303 2849 402 2920 δύλως
435 2845 695 2932 ἀνακαλυφθηναι
727 2851 798 2920 τούς
831 2847 954 2931 ἀσεβεῖς
985 2849 1094 2913 ἑαυτοῦ
1129 2852 1317 2932 βουλόμενος
1349 2849 1526 2934 λογισμούς,

302 2963 374 3030 υύδί
397 2970 456 3049 γάρ
478 2964 495 3029 ό
518 2976 572 3050 τῆς
595 2971 695 3051 ψυχῆς
718 2965 800 3052 αύτῷ
820 2978 965 3032 τοσοῦτον
989 2971 1080 3052 ἔμελε
1099 2969 1249 3046 κίνδυνος,
1282 2973 1357 3053 πρός
1384 2973 1445 3041 τὰς
1468 2979 1527 3032 τῶν

303 3075 415 3168 ἰατρῶν
441 3090 611 3171 κατόφιυγε
635 3087 768 3168 βίβλους,
793 3085 887 3159 αύτάς
905 3097 1006 3151 ταῦτα
1028 3093 1158 3174 φάσκειν
1189 3089 1427 3180 Ιδιατεινόμενος.
1460 3087 1528 3151 εἶτα

303 3207 431 3269 συνόδου
453 3201 544 3269 πάλιν
568 3209 835 3291 συγκροτηύείσης
857 3211 912 3270 καί
934 3205 1015 3280 ἀπαξ
1036 3211 1090 3270 καί
1114 3208 1175 3282 δίς,
1209 3211 1263 3269 καί
1284 3217 1343 3269 τῶν
1363 3207 1475 3293 ἰατρῶν
1498 3205 1528 3268 οἱ
1655 3267 1656 3306 φ

301 3327 475 3407 κριίττονεςΙ
494 3327 764 3409 μετεπέμφθησαν,
787 3328 840 3386 καί
862 3324 905 3394 εἰς
928 3323 1061 3408 ἐπήκοον
1076 3329 1195 3390 πάντων
1210 3329 1244 3389 τό
1259 3335 1396 3410 τοιοῦτον
1411 3322 1525 3389 ύπανε-

301 3445 429 3526 γνύσδη
452 3444 619 3525 τετράδιον,
643 3443 660 3504 ὃ
683 3443 720 3526 δη
744 3448 799 3506 καί
820 3451 930 3529 φρίκην
951 3455 1176 3529 πᾶσιπαρείχε
1199 3451 1254 3508 καί
1274 3457 1390 3531 φρενῶν
1406 3446 1524 3508 ἔκστα-

302 3567 426 3638 σιν,καί
448 3564 483 3625 τό
505 3564 638 3644 θέατρον
662 3558 742 3624 ἅπαν
765 3560 881 3624 ἐσείετο
903 3565 983 3636 τότε,
1006 3571 1064 3624 τῶν
1080 3563 1232 3644 δαιμόνων
1248 3561 1385 3646 ύνόματα
1399 3569 1455 3625 καί
1470 3567 1525 3634 τὰς

301 3683 413 3743 τούτων
436 3683 596 3764 μανύάνον
620 3679 753 3763 αἰσχρὰς
786 3679 915 3764 ἐπῳδάς,
949 3683 1004 3743 καὶ
1026 3681 1184 3765 διαρρῆξαι
1206 3692 1311 3746 τοῦτον
1334 3684 1368 3744 τό
1401 3683 1524 3765 πλῆθος
1655 3743 1656 3758 ,

300 3797 354 3859 σύν
376 3808 438 3869 τοῖς
458 3798 573 3880 ἰατροῖς
595 3795 738 3880 ἐβούλετο
762 3801 813 3860 τόν
835 3802 1026 3881 κατάρατον,
1054 3801 1104 3862 τόν
1128 3803 1186 3881 γὰρ
1209 3799 1335 3883 Χλωρόν
1355 3799 1473 3871 ἰδόντες
1496 3800 1524 3863 οἱ
1655 3857 1656 3866 ,

299 3925 354 4000 της
375 3915 514 4002 ἰατρικῆς
537 3923 648 4002 τέχνης
681 3917 763 3999 εἴπερ
786 3921 864 3988 τινὲς
886 3914 986 3999 ἰτεροι
1008 3921 1098 4002 σοφοὶ
1116 3917 1171 3980 καί
1186 3917 1345 4004 εἰδήμονες
1369 3916 1454 3982 ούτοι
1469 3925 1523 3983 καὶ

299 4039 354 4108 τὰς
377 4031 472 4118 αὐτῆς
496 4037 619 4116 βίβλους
640 4033 715 4100 καθ’
739 4033 819 4118 ι’ύραν
846 4035 959 4118 σχεδόν
986 4031 1247 4112 ἀναγινώσκοντός
1280 4041 1388 4101 τεκαὶ
1413 4060 1522 4122 μετερ-
1655 4065 1656 4082 ι

293 4156 435 4237 χόμενοι,
459 4148 537 4215 ούτω
560 4157 613 4238 την
634 4155 773 4238 ἰατρικὴν
797 4149 959 4236 ὑβρίζοντα
981 4157 1091 4238 τεχνην
1113 4158 1166 4240 την
1183 4155 1267 4240 ἱερὰν
1282 4161 1336 4220 καί
1351 4159 1402 4220 τόν
1420 4157 1522 4221 Ἱππο-

298 4275 414 4356 κράτην
437 4291 490 4334 συν
512 4273 554 4355 τῴ
575 4273 705 4358 Γαληνιβ
727 4275 844 4356 μάγους
860 4269 1077 4334 ἀποκαλοῦντα
1092 4277 1146 4335 καί
1161 4277 1286 4347 τούτους
1302 4280 1428 4362 γράφειν
1444 4276 1523 4338 αύτά

299 4400 396 4454 ταῦτα
417 4396 472 4454 καί
494 4390 640 4475 ἑτεράττα
662 4399 910 4478 συκοφαντοῦντα
932 4395 986 4453 καί
1008 4381 1152 4468 λέγοντα
1170 4397 1225 4457 καί
1246 4405 1283 4478 τη
1306 4397 1381 4475 θείη
1404 4395 1521 4478 συνόδῳ

297 4515 351 4584 τάς
373 4511 498 4593 βίβλους
519 4512 631 4584 ταύτας
654 4519 759 4573 τοῦτον
780 4511 1004 4591 διακυμίσαντα
1019 4513 1094 4594 πρός
1108 4517 1311 4594 παράστασιν,
1335 4511 1522 4585 ἀναστάντες
