3314 5266
289 318 351 383 566

288 513 438 584 προεῖπον,
461 501 608 584 αἰσχύνην
629 502 791 583 λογίζομαι
812 509 900 564 τούτο
923 509 976 584 τῆς
997 497 1142 584 ύμετίρας
1156 501 1311 582 πατρίδος.
1334 495 1417 581 ύμείς
1437 499 1498 560 δύ-

289 621 342 692 Εαν
374 620 509 702 μεγάλην
530 622 584 680 καί
605 618 692 701 τιμὴν
715 617 838 701 ἔπρεπεν
859 616 910 681 ἵνα
932 617 1041 701 ἔχητε,
1073 625 1161 680 τοῦτο
1187 615 1243 680 καὶ
1275 616 1498 699 ίγπαοχάσθαι

289 737 353 801 ἔδει
366 741 419 800 καί
435 735 721 812 ἐγκαλλωπίζεσθαι
735 738 844 818 τούτῳ,
867 733 914 799 ὅτι
937 734 1015 808 άξιοί
1036 734 1103 799 ἐστε
1120 734 1184 798 ἀντί
1200 735 1422 820 μητροπολίτοο
1435 752 1496 794 κε-

287 856 387 939 ραλήν
406 854 489 938 ἔχειν
510 856 562 916 τύν
582 856 777 937 πατριάρχην
798 858 853 916 καί
875 849 967 916 αύτού
990 855 1194 938 μνημονεύειν,
1209 857 1264 916 καί
1285 851 1368 934 εἴπερ
1390 849 1496 936 ἀρηρ·

287 975 367 1038 πασί
382 993 425 1042 τις
441 969 522 1055 ύμύν
536 969 634 1048 τούτο,
657 969 781 1044 ἀδοξίαν
798 972 937 1055 μεγάλην
954 970 1019 1034 ἔδει
1032 972 1212 1049 λογίζεσθαι
1226 966 1304 1053 ύμάς
1318 971 1353 1031 τά
1368 977 1497 1052 πρᾶγμα

287 1095 341 1153 καί
363 1089 493 1174 άτίμίαν,
515 1091 669 1167 λίγοντας,
692 1086 739 1152 ὅτι
760 1085 819 1152 ούκ
840 1088 932 1175 ἔσμὲν
955 1089 1034 1163 ἄξιοι
1056 1089 1250 1174 μνημονεύειν
1270 1095 1324 1150 τού
1344 1089 1497 1168 πατριάρ-

289 1227 357 1290 χοο.
380 1215 475 1270 ταῦτα
496 1208 576 1285 λίγα
597 1209 671 1290 πρὸς
692 1202 785 1290 ύμάς,
804 1203 865 1289 ούγ
885 1204 926 1278 ,ιδς
946 1208 1137 1291 πατριάρχης
1159 1209 1250 1290 μόνον
1263 1203 1319 1268 καὶ
1340 1208 1438 1288 ίητύν
1459 1205 1497 1266 τά

287 1321 433 1408 ἡμέτερον
464 1325 597 1400 δίκαιον,
621 1321 706 1388 άλλά·
723 1327 776 1386 καί
798 1320 919 1400 αύτύθι,
941 1323 1022 1406 εἴπερ
1046 1322 1127 1408 ἤμην
1149 1323 1404 1398 Θεοοαλονικεύς,
1433 1320 1497 1386 εἴτε

288 1441 457 1526 ἀρχιερεύς,
480 1439 539 1505 εἴτε
561 1440 827 1526 ίκκλησιαστικύς,
840 1440 900 1510 εἴτε
921 1450 974 1526 τῆς
987 1440 1140 1512 πολιτείας
1155 1439 1267 1525 ἄρχων,
1289 1446 1385 1502 ταῦτα
1400 1438 1497 1521 ἔμελ-

288 1560 342 1621 λον
373 1561 486 1636 λίγειν,
520 1556 572 1622 ύτι
586 1559 695 1622 δίκαιά
716 1557 775 1622 εἰσι
795 1557 851 1621 καί
873 1557 979 1642 άληθη
1001 1562 1054 1622 καί
1074 1561 1232 1622 κανονικά.
1265 1556 1325 1620 άπύ
1357 1565 1412 1620 τού
1443 1564 1496 1619 νύν

247 1719 248 1723 =
288 1673 367 1740 ούτω
389 1679 526 1754 γινίσθω
547 1681 601 1740 καί
622 1675 654 1740 ἐν
675 1687 741 1749 παίς
762 1677 949 1747 καθολικαίς
971 1676 1151 1761 ἐκκλησίαις
1182 1681 1237 1739 καί
1259 1674 1290 1740 δν
1311 1687 1374 1747 τοῖς
1398 1695 1496 1759 μονα-

289 1801 423 1878 στηρίοις
455 1799 509 1858 καί
531 1793 563 1858 δν
584 1806 649 1867 ταῖς
670 1805 833 1878 κοσμικαῖς
865 1793 1045 1879 ίκκλησίαις
1070 1797 1183 1864 πάσαις
1215 1789 1497 1878 μνημονεοίσθιιή

288 1917 449 1997 μετριότης
469 1911 568 1999 ἡμῶν,
593 1911 648 1976 καὶ
669 1915 775 1997 μηδείς
802 1913 1026 1995 προβαλλίσθω
1052 1913 1104 1994 τήν
1136 1915 1283 1994 προτέραν
1315 1912 1495 1994 συνήθειαν.

288 2027 349 2106 ἰγύ
373 2031 447 2126 πρὸς
473 2029 543 2101 τούς
565 2027 726 2113 ύμιιίροος
751 2027 897 2114 ἰξάρχοος
929 2029 1057 2111 ἔμελλον
1089 2027 1268 2112 άναθίγσειν,
1289 2027 1341 2090 ἵνα
1369 2032 1496 2112 γίνηται

289 2154 394 2222 τούτο,
414 2143 486 2210 ούδί
501 2150 560 2229 γάρ
575 2144 745 2232 ἒβοολδμην
760 2153 889 2232 γράψαι,
909 2145 960 2209 ἵνα
975 2148 1009 2208 δὲ
1026 2149 1149 2230 μάθητε
1163 2154 1259 2210 ταύτα
1275 2148 1401 2220 πάντες,
1424 2145 1496 2208 δίον

289 2263 395 2346 ἔκρινα
422 2268 545 2349 γράψαι.
576 2268 739 2341 γινώσκετε
760 2265 809 2342 δί,
843 2261 890 2328 ύιι
914 2265 948 2327 τύ
973 2266 1069 2346 παρύν
1094 2266 1221 2346 γράμμα
1250 2261 1345 2346 ίτίθη
1375 2261 1408 2325 ίν
1434 2273 1496 2331 τοῖς

287 2381 443 2452 κωδικίοις
472 2389 525 2444 πού
557 2379 638 2464 ἱιρού
668 2382 914 2466 χαρτορολαιιίοο
943 2391 997 2466 της
1023 2377 1099 2444 καθ’
1128 2377 1212 2465 ἡμᾶς
1240 2377 1413 2464 ἁγιωτάτης
1438 2387 1494 2443 τού
1517 2445 1531 2464 ,

287 2500 365 2560 θεού
398 2499 533 2582 μεγάλης
566 2495 737 2584 ίκκλησίας
770 2499 813 2572 εὶς
845 2501 1003 2563 δικαίωσιν
1035 2495 1137 2584 αύτῆς.
1175 2497 1276 2569 άλλως
1310 2494 1363 2560 ούν
1397 2499 1494 2583 μηδὲν

288 2619 422 2699 γίνηται.
443 2611 464 2699 ἡ
486 2623 539 2679 τού
560 2617 637 2679 θεοῦ
658 2619 748 2700 χάρις
770 2615 817 2702 εἴη
839 2614 910 2700 μεθ’
933 2614 1014 2699 ὑμῶν
1035 2621 1065 2694 γ.

371 2735 392 2810 †
422 2731 529 2816 Εἶχε
560 2736 637 2796 καί
668 2733 743 2796 διὰ
779 2738 934 2816 τιμίας
968 2742 1301 2818 πατριαρχικης
1336 2733 1495 2816 χειρύς

288 2851 353 2911 τά·
388 2853 489 2932 μηνί
522 2848 633 2933 μαΐιρ
663 2849 740 2913 ὶνδ.
773 2849 804 2912 θ’
834 2854 864 2929 †.

563 3034 700 3100 ccclx.
720 3035 956 3114 (6879-1371)
976 3033 1065 3098 maio.
1084 3033 1146 3097 ind.
1161 3033 1218 3099 IX.

356 3174 487 3242 ίίοοτμίαι
506 3173 627 3229 Per-dica
644 3185 671 3230 αί
687 3149 796 3246 Hom
813 3175 961 3230 Ρίιαοναεα
978 3179 1157 3232 nominantur
1173 3177 1281 3230 ιααταύε·
1298 3177 1424 3231 occlusae

764 3293 1018 3351 Mamm.

366 3440 392 3514 ¹†
430 3435 652 3521 Ἔνταλμα
693 3435 938 3522 ἔξαρχικύν
979 3439 1030 3522 τῷ
1064 3440 1240 3522 μεγάλιρ
1276 3442 1489 3524 σκεοορύ-

288 3555 393 3618 λακι
428 3560 502 3617 καί
557 3555 891 3641 δικαιορύλακι
923 3555 975 3639 τῷ
1006 3555 1204 3640 Περδίκη
1239 3560 1314 3619 καί
1348 3559 1400 3640 τῷ
1435 3580 1490 3620 τι·

288 3677 487 3756 μιιετάιρ
524 3671 566 3736 ἐν
607 3685 828 3757 μοναχοῑς
866 3683 944 3758 κύρ
984 3674 1157 3740 Μωυσεῖ
1192 3677 1244 3759 τῷ
1273 3675 1491 3760 Φακραση

288 3787 356 3852 ίπί
395 3801 443 3875 τῇ
484 3791 719 3876 διοικήσει
758 3800 832 3876 τῆς
872 3791 1128 3878 ἁγιωτάτης
1172 3795 1491 3878 μητροπόλεως

288 3907 628 3992 Θεσσαλονίκης
659 3911 689 3986 †.

370 4024 447 4102 †‘fl
468 4031 625 4112 μετριότης
645 4024 731 4112 ἡμῶν
752 4029 786 4091 τύ
807 4033 903 4113 παρύν
925 4029 1101 4093 ἀπολύουσα
1123 4033 1250 4112 γράμμα
1268 4031 1440 4114 καθίστησι
1453 4027 1491 4092 δι’

287 4140 380 4207 αὐτού
402 4147 453 4207 τάν
479 4167 511 4209 τε
537 4149 715 4230 τιμιύτατον
741 4151 836 4228 μίγαν
865 4149 1082 4233 σκεοορύλακα
1114 4157 1167 4232 τῆς
1192 4143 1268 4211 καθ’
1289 4145 1374 4232 ἡμάς
1395 4143 1491 4224 άγιιι-

287 4275 379 4345 ταιης
401 4269 454 4325 τού
476 4266 553 4326 θεοῦ
586 4267 722 4348 μεγάλης
744 4263 911 4351 ίκκλησίας
933 4271 988 4329 καί
1008 4267 1244 4351 δικαιορύλακα,
1270 4267 1415 4328 διάκονον
1437 4271 1493 4346 κύρ

286 4377 434 4460 Γιύργιον
457 4383 507 4443 τάν
528 4379 689 4466 Περδίκην,
711 4387 766 4447 καί
787 4385 838 4446 τὸν
859 4387 1036 4466 τιμιιύταιον
1058 4382 1090 4445 ίν
1105 4393 1260 4467 μοναχοίς,
1283 4390 1340 4465 κύρ
1361 4380 1492 4466 Μάσσην

288 4497 337 4554 τὸν
359 4493 540 4579 Φακρασην,
563 4501 631 4571 πούς
654 4498 685 4561 ίν
708 4498 785 4583 ἁγίῳ
807 4502 952 4583 πνεύματι
974 4499 1148 4584 ἀγαπητούς
1173 4500 1255 4572 οίούς
1277 4495 1381 4582 αὐτῆς,
1405 4497 1492 4584 λξάρ-
