3262 5276
1240 320 1302 382 347

84 531 160 590 της
202 513 398 590 στίργων
436 505 752 591 υτίργραβαξ
801 512 820 584 †
858 506 892 570 ‘0
931 505 1116 589 εὐτελὴς
1154 507 1302 589 ίτρεύς

84 625 491 710 όΚαλοχαιρίτης
524 631 553 703 †.

395 812 499 876 chvl.
521 815 731 876 6862-1354
751 811 826 876 iulio
844 811 906 874 ind.
926 811 991 875 vn.

82 954 260 1006 Ραίνίαντλσ
276 963 362 1006 πιστοί
376 956 530 1022 episcopum
543 953 727 1022 Νοοορνσάίά,
757 963 788 1005 ειτ
803 955 961 1022 obtemperet
974 953 1160 1023 ωειτοροίέίοε
1174 950 1302 1005 Κίοιάπε.

171 1101 193 1174 †
215 1099 437 1182 Θεοφιλίστπτε
460 1097 606 1160 ὐπίσκοπε
627 1097 850 1181 Νοβογραδίυυ.
878 1101 969 1181 χάρις
991 1097 1039 1180 εἴη
1061 1100 1115 1158 καί
1137 1095 1240 1180 εὶρήνη
1262 1105 1301 1178 τη

83 1217 253 1300 θεοφιλείη
282 1237 337 1279 σου
362 1212 422 1278 ἀπὸ
450 1218 527 1278 θεοῦ
556 1219 812 1298 παντοκράτορος.
845 1215 944 1291 οἶδας,
978 1212 1019 1286 ὥς
1051 1224 1104 1277 του
1137 1213 1301 1296 ἱερωτάτοο

84 1334 256 1417 ὰρχιερίως
278 1337 378 1418 πάσης
398 1333 527 1406 Ῥωσίας
550 1333 676 1408 ἐκείνου,
698 1343 756 1418 κυρ
778 1335 982 1412 Θεογνιόστου,
1005 1335 1241 1416 τελευτησαντος
1262 1330 1301 1416 ην

84 1453 266 1529 αναγκαῖον,
287 1451 337 1514 ἵνα
360 1458 484 1538 γίνηται
504 1453 662 1537 ἆρχιερεδς
684 1453 728 1524 εὶς
750 1455 803 1536 την
825 1455 967 1536 τοιαύτην
990 1449 1161 1535 άγιωτάτην
1185 1454 1299 1534 μητρό-

83 1573 183 1634 πολιν.
209 1570 272 1634 ἐπεί
294 1569 346 1634 οὖν
368 1571 384 1634 ό
407 1569 497 1643 αὐτός
525 1581 582 1655 κόρ
604 1573 811 1649 Θεόγνωπτος,
839 1567 921 1642 ὅστις
943 1575 997 1633 καί
1018 1571 1123 1642 καλῶς
1144 1572 1301 1652 διόπρεψεν

86 1689 127 1760 εἰς
150 1691 266 1775 ταύτην
287 1691 326 1772 δὴ
349 1693 401 1772 την
424 1688 637 1773 ἀρχιιρατικην
661 1689 773 1774 ἀρχὴν,
795 1693 938 1772 πρότερον
961 1689 1005 1752 ἐτι
1028 1693 1087 1760 ίῶν
1110 1689 1226 1771 ἐπεμβε
1247 1691 1302 1750 καί

87 1809 206 1890 ἔγραψε
238 1812 292 1870 καί
323 1809 533 1888 παρεκάλεσεν
565 1808 607 1879 είς
638 1811 691 1892 τήν
723 1807 812 1886 άγίαν
851 1816 904 1870 τοῦ
929 1811 1008 1870 θεοῦ
1033 1807 1209 1891 καθολικὴν
1247 1811 1302 1868 καί

87 1923 298 2006 ιἰτοστολικήν
320 1923 497 2006 ἐκκλησίαν,
512 1929 578 2007 περί
600 1935 652 1988 τοῦ
673 1924 742 2008 παρ’
755 1925 873 1988 ἐκείνου
894 1927 1153 2008 προβιβασθόντσς
1176 1923 1219 1993 είς
1235 1921 1302 1984 ἐπί-

89 2063 207 2104 σκοπον
233 2041 460 2124 Βλανδιμηρου,
488 2051 540 2105 τοῦ
570 2051 663 2124 κυροδ
690 2041 842 2117 Ἀλεξίου,
871 2039 916 2104 ότι
943 2042 1011 2125 ίχει
1042 2039 1131 2114 ἀξίως
1160 2045 1215 2103 καί
1245 2039 1301 2102 δό·

86 2181 178 2222 νατπι
203 2158 424 2242 ἀρχιερατικῶς
448 2160 598 2235 διεξάγειν
621 2161 674 2244 την
697 2158 790 2244 αὐτὴν
813 2158 984 2245 άγιοιτάτην
1008 2159 1202 2244 μητρόπολιν,
1225 2158 1304 2220 διότι

89 2277 132 2340 ἔνι
166 2273 301 2358 εὐλαβὴς
333 2282 387 2338 καί
419 2274 575 2358 ἐνάρετος,
608 2283 662 2340 καί
683 2275 771 2361 ἡμεῖς
799 2280 837 2361 δὴ
860 2277 1048 2362 ἐξητάσαμεν
1071 2272 1172 2348 αὐτόν,
1193 2277 1305 2345 καθὼς

92 2396 219 2478 ἐτρεπε,
257 2399 312 2458 καί
345 2392 471 2479 ιύρομεν
506 2395 574 2459 κατ’
600 2395 751 2480 ἀλήθειαν
791 2407 926 2460 τοιοῦτον
952 2397 1082 2479 Χριστοῦ
1115 2397 1217 2478 χάριτι
1249 2397 1305 2455 καί

91 2517 252 2600 σύμφωνον
275 2514 394 2586 εἰςτὰς
416 2512 489 2597 ὑπὲρ
513 2512 605 2580 αὐτοῦ
628 2515 791 2600 μαρτυρίας
814 2512 873 2578 ι’τπό
896 2536 928 2577 τε
951 2525 1008 2578 τῶν
1031 2510 1162 2576 αὐτόθεν
1182 2512 1302 2575 πολλοί-

88 2653 139 2703 τις
166 2633 341 2716 ἐρχομένων
368 2631 537 2717 Ῥωμαίων,
571 2632 652 2697 ἀλλὰ
678 2635 717 2718 δὴ
742 2637 797 2697 καί
823 2631 920 2696 αὐτῶν
947 2643 1005 2696 τῶν
1031 2631 1164 2705 Ῥόσων,
1193 2627 1302 2699 οἵτινες

87 2751 220 2834 ἤρχοντο
250 2749 386 2815 ἐνταῦθα
410 2756 463 2814 καί
488 2756 632 2835 πρότερον
657 2757 738 2815 κατὰ
764 2753 891 2835 καιροός
916 2753 1093 2836 διαφόρους,
1125 2751 1178 2812 διά
1204 2755 1301 2810 ταῦτα

89 2869 107 2954 ἡ
131 2877 292 2955 μετρίοτης
313 2867 414 2953 ἡμῶν,
442 2872 726 2956 συνδιασκεψαμόνη
749 2875 825 2956 μετὰ
851 2879 904 2955 τῆς
928 2874 996 2954 περί
1018 2865 1111 2953 αὐτην
1133 2871 1225 2938 θείας
1246 2872 1301 2928 καί

88 2987 171 3069 ἱερᾶς
195 2991 322 3051 συνόδου
349 2999 406 3050 τῶν
435 2992 689 3071 καθευρεθέντων
715 2978 886 3073 ἱερωτάτων
912 2987 1076 3071 ἀρχιερέων
1098 2991 1152 3048 καί
1179 2982 1300 3068 άπερτί-

92 3129 168 3188 μων,
194 3107 253 3170 ἀπὸ
281 3117 386 3190 κοινῆς
414 3112 536 3191 γνιόμης
563 3107 742 3190 ἀνεβίβασεν
766 3105 856 3170 αὐτόν
882 3109 934 3170 διὰ
961 3109 1014 3191 τήν
1040 3106 1180 3189 ἐνάρετον
1207 3101 1300 3168 αὐτου

91 3226 244 3288 πολιτείαν
270 3229 324 3288 καί
349 3229 387 3286 τὰ
412 3227 505 3288 λοιπὰ
530 3230 719 3309 πνευματικὰ
743 3230 977 3310 προτηρηματα,
1004 3231 1058 3288 καί
1085 3225 1298 3306 ἀποκατάστη-

89 3364 138 3405 σεν
160 3342 210 3406 ἐπί
232 3347 282 3406 τόν
306 3345 516 3426 μεγαλώτερον
537 3349 591 3406 καί
613 3349 787 3428 τιμιώτερον
810 3344 1024 3427 σίρχιερατικδν
1047 3346 1168 3425 θρόνον,
1185 3344 1300 3404 τόλειον

89 3462 309 3544 μητροπολίτην
331 3461 451 3542 Κυέβου
476 3465 529 3524 καὶ
555 3466 656 3548 πάσης
678 3461 820 3538 Ῥωσὶας,
848 3468 924 3547 μετὰ
950 3463 1096 3546 είδησεως
1124 3465 1178 3524 καί
1198 3461 1298 3543 θελη-

90 3601 163 3652 σεως
185 3589 239 3642 τοῦ
261 3585 424 3661 κρατίστου
446 3584 500 3642 καί
522 3577 611 3656 άγίυυ
634 3603 692 3665 μου
715 3579 950 3665 αὐτοκράτορος,
977 3591 1030 3644 τοῦ
1052 3583 1198 3663 διατόρου
1220 3599 1296 3662 τρο-

88 3699 188 3780 μάχου
213 3706 268 3780 τῆς
297 3695 556 3782 ἐκκλησιαστικης
582 3695 721 3772 εὐταξίας
746 3704 801 3762 καὶ
826 3703 925 3764 πάντα
951 3705 989 3762 τά
1015 3701 1100 3761 καλά
1126 3707 1215 3779 τιμάν
1241 3701 1295 3759 καί

90 3812 217 3898 ἐνυψοῦν
244 3813 442 3887 εὐδοκοῦντος
468 3821 522 3878 καί
551 3819 752 3898 βουλομένου,
779 3820 889 3888 καθὼς
915 3819 1034 3900 μόλλεις
1062 3819 1216 3900 γνωρίσειν
1244 3818 1298 3876 καί

90 3930 143 3996 ὰτό
169 3944 227 3996 τῶν
255 3932 303 3996 ἐπί
330 3937 424 4016 τούτῳ
452 3933 666 3998 ἀπολυθέντων
695 3934 803 4019 ἐτίμων
829 3939 1014 4019 γραμμάτων
1041 3945 1094 4019 της
1126 3930 1212 4018 ἡμῶν
1239 3955 1295 4016 μι-

89 4055 247 4136 τριότηεος.
283 4053 387 4135 ἐπειδη
421 4051 594 4136 ἐδεξάμεθα
620 4059 673 4116 καί
701 4055 753 4117 διὰ
780 4063 833 4116 του
860 4056 1102 4138 θεοφιλεστάτου
1129 4053 1295 4116 ἐπισκόπου

90 4167 215 4252 >lapdon
238 4175 293 4234 καί
315 4173 369 4240 τὰς
392 4175 576 4246 συστατικὰς
604 4169 676 4253 ὑπὲρ
701 4169 793 4234 αὐτοῦ
817 4174 989 4256 ἐγγράφους
1013 4176 1135 4255 γνώμας
1157 4181 1214 4233 τῶν
1237 4167 1294 4232 αὐ-

90 4290 152 4350 τόθι
174 4291 288 4352 λοιπῶν
310 4289 555 4373 θεοφιλεστάτων
580 4261 762 4365 ἐπισκόπων,
791 4288 902 4371 ἀρτίως
929 4287 980 4353 οὐν
1008 4292 1133 4372 ἔρχεται
1155 4289 1208 4352 σόν
1231 4285 1297 4370 θεῷ

92 4403 105 4465 ό
129 4407 289 4490 ἱερώτατος
316 4410 538 4490 μητροπολίτης
560 4407 680 4490 Κυόβου
705 4413 758 4472 καί
783 4413 883 4493 πάσης
905 4408 1042 4484 Ῥωσίσς,
1065 4419 1122 4490 κδρ
1150 4405 1296 4480 Ἀλίξιος,

93 4520 238 4612 ὰγττητός
261 4529 341 4588 κατὰ
364 4529 465 4610 κόριον
490 4523 698 4613 ἀδελφόςκαὶ
725 4529 957 4611 συλλειτουργός
986 4539 1039 4613 ιης
1066 4524 1150 4611 ἡμῶν
1173 4527 1293 4609 μκτριό-
