3282 5270
329 296 392 358 ⁴64

327 481 508 567 τροπολίτην
531 487 585 564 τῆς
611 479 749 563 μιγάλης
774 483 892 550 πόλεως
914 480 1093 563 Δαμάσκου,
1120 487 1179 562 κύρ
1207 480 1391 563 Ιίαχῶμιον,
1415 477 1552 562 ἁδεληῦν

327 599 384 663 καὶ
407 601 640 682 σολλειτοοργύν
661 597 756 683 ἡμῶν,
780 598 824 671 εἰς
846 601 898 662 τόν
921 597 1036 683 ὑψηλόν
1051 607 1157 662 τοῦτον
1182 601 1294 682 θρόνον
1325 609 1379 661 τοῦ
1400 601 1552 680 πατριάρ-

327 739 386 802 χου
408 727 462 802 τῆς
483 719 688 792 θεουπόλεως,
712 719 851 800 μεγάλης
867 717 1057 801 Ἀντιοχείας
1075 717 1130 780 καὶ
1144 721 1247 802 πάσης
1261 717 1440 800 Ἀνατολῆς,
1455 735 1550 798 προε-

326 841 506 920 χειρίσαμέν
539 858 571 900 τε
599 840 653 898 καί
679 838 937 919 προεβιβάσαμεν,
965 833 1065 918 ὥσπερ
1092 835 1169 906 ἐθος
1190 847 1283 898 ποιεῖν
1305 846 1344 918 τη
1365 832 1442 896 καθ’
1464 830 1550 916 ἡμᾶς

326 951 401 1036 ἁγία
423 956 549 1037 συνόδῳ,
574 953 679 1017 ἐπειτα
702 952 863 1038 ἀναφίρειν
886 963 982 1016 ταῦτα
1002 957 1077 1034 πρὸς
1100 955 1153 1036 την
1177 951 1269 1030 ἁγίαν
1293 953 1472 1036 καθολικην
1493 953 1550 1012 καί

328 1069 537 1156 ἁποστολικήν
571 1071 754 1155 ἐκκλησίαν,
786 1076 838 1133 καί
864 1069 952 1156 ἡμεῖς
977 1071 1239 1154 παρεδηλιῦσαμεν
1273 1079 1361 1134 τοῦτο
1394 1081 1432 1152 τῇ
1466 1065 1550 1152 ύμιῦν

325 1186 457 1272 ἱιρότητι
479 1191 531 1252 διὰ
553 1197 606 1251 τοῦ
629 1187 660 1250 ἐν
683 1185 761 1268 ἁγίῳ
787 1191 934 1271 πνεύματι
960 1186 1096 1273 ἀδελφοῦ
1124 1192 1179 1250 καί
1206 1189 1440 1268 συλλειπουργοῦ
1461 1181 1551 1268 ἡμὸν

322 1316 382 1388 κῦρ
398 1307 556 1390 Γερμανσῦ
571 1313 625 1368 καί
640 1307 817 1369 καθολικοῦ
831 1311 914 1388 (τῆς)
929 1304 1106 1388 ύμηγύρεως
1121 1310 1175 1368 καί
1191 1307 1322 1390 ἐξάρχου
1340 1309 1442 1388 πάσης
1464 1303 1549 1387 Ἰβη·

324 1431 401 1508 ρίας,
425 1422 508 1496 ύστις
531 1422 693 1509 ἐπερίρετο
716 1427 882 1506 γράμματα
909 1433 963 1507 της
989 1423 1065 1487 καθ’
1092 1421 1175 1509 ἡμᾶς
1204 1422 1295 1503 ἁγίας
1322 1425 1451 1488 συνόδου
1472 1425 1550 1504 πρὸς

323 1545 378 1627 την
401 1539 483 1624 ύμῦιν
506 1541 657 1624 ίερότητα,
680 1543 754 1623 πρός
777 1541 811 1602 δέ
833 1539 889 1603 καί
911 1543 964 1624 την
987 1539 1043 1605 ύπδ
1066 1543 1144 1606 θεοῦ
1160 1539 1270 1626 εύσεβη
1287 1540 1457 1622 ὁμολογίαν
1472 1545 1550 1622 πρός

324 1683 356 1724 τε
378 1656 462 1744 ἡμᾶς
484 1662 539 1722 καί
561 1659 614 1740 τὴν
637 1667 694 1720 τοῖν
716 1663 856 1740 πατέρων
879 1657 991 1744 ἀκριβῆ
1014 1660 1156 1742 δόγματα
1179 1664 1362 1744 συμφωνίαν,
1388 1663 1443 1722 καί
1466 1657 1550 1741 ἐμά·

321 1779 422 1860 θομεν
442 1773 513 1859 παρ’
537 1772 639 1850 αύτοῦ,
663 1773 750 1860 ὅτιὴ
779 1775 898 1860 ἱερότης
926 1773 1009 1858 ύμιῦν
1036 1775 1159 1864 ἐδόξατσ
1188 1775 1279 1840 αύτύν
1306 1775 1466 1848 ἀσπασίως
1491 1780 1551 1840 καί

323 1893 365 1967 ἁς
387 1898 512 1979 γνήσιον
535 1893 666 1980 όδελρύν
689 1895 742 1979 τήν
763 1898 982 1979 προσήκουσαν
1002 1893 1128 1980 ἀγάπην
1155 1895 1350 1968 ἐνεδείξασθε
1377 1894 1421 1966 είς
1444 1891 1550 1956 αύτόν·

323 2011 424 2075 ἐλθιδν
446 2013 481 2074 δέ
504 2009 568 2094 μετ’
591 2007 684 2074 αύτοῦ
708 2010 724 2074 ὁ
747 2011 860 2082 οἰκεῖος
882 2021 936 2074 τοῦ
958 2018 1122 2096 κρατίστου
1144 2017 1198 2076 καί
1221 2011 1310 2090 ἁγίου
1324 2009 1412 2097 ἡμῶν
1429 2009 1548 2076 αύθέν-

322 2153 375 2194 του
403 2135 460 2193 καί
486 2131 645 2210 βασιλίως,
673 2138 730 2212 κῦρ
752 2131 910 2213 Θεόδωρος
938 2127 1201 2214 ύΠεπλεγμίνος,
1229 2129 1447 2216 ἐπιφερόμενος
1469 2133 1547 2213 πρός

320 2243 405 2332 ἡμᾶς
431 2249 504 2310 θεῖα
530 2251 585 2309 καῖ
611 2249 807 2331 προσκυνητά
833 2251 1065 2331 προστάγματα,
1093 2253 1148 2311 καί
1170 2247 1329 2331 ἐμάθομεν
1354 2247 1426 2330 παρ’
1450 2245 1549 2310 αὐτοῦ

321 2367 391 2436 τούς
418 2367 530 2441 λόγους
556 2368 610 2428 καί
637 2362 783 2448 ὁρισμούς
809 2373 863 2427 τοῦ
890 2369 1055 2448 κρατίστου
1082 2369 1136 2428 καί
1162 2363 1252 2441 ἁγίου
1279 2361 1365 2448 ἡμῶν
1392 2362 1549 2428 αύθίντοο

321 2489 375 2547 καί
398 2485 559 2566 βασιλίως,
582 2487 637 2546 καί
660 2481 706 2546 ὅτι
729 2481 932 2568 ἐλαλήθησαν
955 2485 1043 2562 λόγοι
1059 2483 1102 2557 εἰς
1119 2487 1173 2555 τὰς
1189 2481 1288 2554 ἀκοὰς
1310 2481 1401 2566 ύμῶν,
1426 2481 1474 2544 ὅτι
1489 2479 1549 2544 οῦκ
1625 2471 1629 2478 ’

320 2601 441 2680 ἐγίνετο
465 2601 508 2674 είς
531 2605 725 2686 πατριάρχης
746 2601 948 2685 Ἀντιοχείας,
972 2599 1053 2665 ἀλλὰ
1075 2611 1168 2685 τρεῖς,
1192 2605 1244 2662 καί
1267 2597 1313 2663 ῦτι
1340 2598 1357 2662 ὁ
1380 2604 1548 2682 γενόμενος

319 2717 355 2783 ού
377 2731 547 2812 κανονικῶς
568 2721 697 2802 προέβη,
720 2721 772 2782 διὰ
794 2728 883 2782 τοῦτο
910 2725 964 2782 καί
991 2768 1097 2784 .....
1124 2723 1214 2783 πάλιν
1240 2719 1483 2802 παραδηλοῦμεν
1505 2715 1545 2779 ἐκ

317 2837 461 2920 δεστέροο
484 2849 521 2920 τη
545 2834 627 2920 ύμιῦν
650 2835 790 2920 ἁγιότητι
811 2837 863 2898 διὰ
887 2845 939 2900 τοῦ
965 2841 1116 2919 παρόντος
1142 2834 1228 2921 ἡμῶν
1254 2836 1417 2898 σονοδικοῦ
1441 2837 1547 2918 γράμ-

319 2976 426 3039 ματος,
450 2953 496 3019 ύτι
517 2953 589 3036 παρ’
611 2953 697 3039 ἡμῶν
720 2953 763 3026 είς
786 2956 907 3030 ἐγίνετο
922 2957 1113 3039 πατριάρχης
1129 2955 1330 3036 Ἀντιοχείας,
1354 2951 1547 3038 ύδηλωθείς

319 3083 378 3156 κῦρ
400 3073 580 3157 Παχύμιυς,
603 3077 658 3136 καί
681 3069 716 3135 σύ
739 3051 826 3156 τρεῖς,
852 3075 935 3134 κατὰ
958 3075 1009 3134 τόν
1036 3081 1089 3136 τοῦ
1111 3072 1209 3156 Τύρου
1231 3069 1337 3134 καινόν
1358 3071 1466 3147 λόγον,
1489 3074 1547 3132 καί

316 3189 362 3254 δτι
383 3201 553 3262 κανονικιῦς
575 3193 691 3276 προύβη
713 3196 767 3254 καί
789 3193 1022 3274 προεχειρίσθη·
1047 3190 1095 3254 ἐπὶ
1117 3195 1213 3274 τούτῳ
1235 3194 1295 3272 γὰρ
1316 3194 1370 3252 καί
1392 3193 1426 3252 τό
1441 3193 1545 3272 παρόν

315 3308 401 3396 ἡμῶν
424 3315 551 3393 γράμμα
575 3309 710 3388 ἐγεγόνει
732 3313 787 3372 καί
808 3307 966 3394 ὑπεγράφη
993 3313 1137 3372 κάτωθεν
1165 3308 1203 3372 δι’
1229 3307 1439 3392 σίκειοχείρων
1463 3306 1544 3372 ύπσ-

259 3513 263 3518 ·
317 3439 452 3515 γραφῶν,
484 3433 538 3490 καί
567 3426 725 3512 ἀπεστάλη
751 3431 825 3510 πρός
848 3429 901 3511 την
924 3425 1006 3509 ύμῶν
1033 3425 1177 3513 ἱερότητα
1198 3432 1253 3498 καί
1274 3429 1348 3510 πρός
1371 3429 1425 3509 την
1448 3425 1545 3504 ἁγίαν

314 3554 368 3611 καί
391 3549 608 3630 οίκουμενικην
628 3547 765 3622 σύνοδον,
788 3551 842 3608 καί
864 3547 1003 3628 δεόμεθα
1019 3545 1194 3629 αἰτούμενοι
1209 3557 1263 3628 τῆς
1279 3541 1360 3628 ύμῦν
1377 3541 1546 3626 εὐλαβείας

314 3665 369 3730 καὶ
392 3665 562 3749 ἁγιότητος,
587 3666 628 3747 μη
650 3668 818 3746 περαιτέρω
840 3667 939 3748 προβῇ
961 3661 981 3746 ἡ
1005 3661 1106 3746 ἀργία,
1132 3663 1199 3726 ἁλλ’
1220 3663 1272 3728 ἵνα
1287 3667 1412 3747 γίνηται
1428 3665 1544 3725 σύνδε-

316 3806 394 3867 σμος
427 3795 492 3854 ταῖς
525 3791 578 3845 τοῦ
611 3785 688 3844 θεοῦ
712 3780 816 3858 ἁγίαις
842 3782 1034 3867 ἐκκλησίαις,
1068 3785 1122 3844 καί
1155 3779 1228 3864 ύπερ
1259 3783 1544 3864 πατροπαραδότως

315 3900 435 3964 ἄνωθεν
457 3905 632 3985 κατάγηται
653 3896 674 3984 ἡ
697 3897 812 3970 ἐντοῖς
836 3899 928 3982 ἱεροῖς
954 3901 1113 3982 διπτύχοις
1139 3903 1243 3983 μνήμη
1271 3907 1324 3960 τοῦ
1346 3903 1544 3982 πατριάρχου

315 4015 410 4102 ἡμῶν,
433 4021 545 4089 καθύς
566 4023 620 4081 καί
642 4007 729 4101 ἡμεῖς
752 4019 786 4078 τό
808 4023 862 4078 τοῦ
885 4018 1033 4080 δεσπότου
1055 4015 1141 4102 ἡμῶν
1163 4021 1217 4079 καί
1239 4017 1455 4099 οἰκουμτνικοῦ
1477 4037 1543 4079 πα-

315 4134 460 4219 τριάρχου
483 4139 675 4220 μνημόσυνον
697 4133 728 4198 ἐν
748 4145 810 4204 τοῖς
832 4131 922 4215 ἱεροῖς
938 4135 1096 4218 διπτύχοις
1113 4133 1315 4218 ἁναφέρομεν.
1332 4131 1448 4217 ἐστάλη
1465 4143 1543 4209 γοῦν

314 4251 384 4337 παρ’
406 4249 492 4338 ἡμιῖν
516 4251 559 4324 τίς
580 4255 784 4337 προσκύνησιν
806 4259 859 4314 τοῦ
887 4256 1053 4333 κρατίστου
1079 4257 1133 4315 καί
1161 4251 1250 4330 ἁγίου
1275 4249 1362 4336 ἡμῶν
1386 4248 1541 4314 αύθόντοο

313 4377 369 4435 καί
390 4372 540 4452 βασιλέως
562 4375 616 4434 καί
638 4381 691 4456 της
714 4367 795 4455 ύμοῖν
812 4369 966 4452 ἱερότητος
982 4367 998 4431 δ
1015 4367 1180 4452 ἱεριύτατσς
1197 4371 1422 4455 μητροπολίτης
1439 4369 1540 4431 Ἀπα-

316 4496 415 4574 μείας,
438 4499 494 4573 πῦρ
508 4489 622 4576 Νίφων,
645 4496 698 4554 καὶ
714 4489 884 4574 ύπέρτιμος,
908 4487 939 4551 ἐν
954 4487 1047 4572 κυρίην
1070 4489 1227 4573 ἀγαπητός
1244 4490 1376 4572 ἁδελφός
1392 4491 1445 4550 καί
1462 4489 1539 4548 συλ-
