3314 5266
300 301 363 364 588

302 482 570 570 ἐπιχορηγηθῆναι
602 479 684 570 αύτῷ
715 487 841 570 γράμμα
875 483 1065 564 σιγιλλιιῑιδις
1097 479 1202 571 αύτής,
1224 483 1525 569 παρακελευόμενον

302 602 408 668 ἄδειαν
443 603 527 688 ἔχειν
560 599 652 667 αύτύν
687 605 735 667 όπί
756 608 870 677 πάσαις
892 613 956 678 ταίς
979 602 1097 668 ἄνωθεν
1120 600 1377 686 ύποττταχμίνπις
1408 614 1445 687 τῇ
1464 612 1523 687 τῆς

301 721 463 807 Λαρίσσης
484 722 637 809 ἐκκλησία
659 723 837 796 λπισκοπαίς
860 725 960 788 πάντα
982 723 1141 806 διενερηιίν
1164 721 1329 794 ἀκωλύτως
1351 727 1390 785 τά
1412 721 1521 806 ἀρχιτ-

301 845 422 922 ρατικά.
444 837 464 925 η
488 845 647 928 μετριότης
667 837 752 926 ἡμῶν
775 844 828 926 την
851 837 943 906 αύτού
969 842 1074 926 δέησιν
1097 837 1222 918 εὔλογον
1242 847 1377 923 κρίνασα
1398 845 1451 904 καί
1469 841 1521 902 δι-

301 965 396 1022 καίαν
428 963 483 1022 καί
505 963 681 1045 κανονικὴν,
714 963 748 1024 τύ
770 965 866 1046 παρόν
890 960 1016 1025 ἀπολύει
1039 960 1230 1038 σιηιλλιύδις
1253 965 1392 1044 γράμμα,
1427 959 1463 1022 δι’
1482 956 1520 1022 ού

304 1076 359 1140 καὶ
390 1079 647 1161 παρακελεύεται,
682 1077 723 1152 ὣς
746 1077 783 1143 ἀν
804 1089 902 1143 πᾶσαι
925 1079 957 1142 αί
978 1077 1034 1142 ύπύ
1057 1079 1109 1162 την
1133 1076 1304 1162 αἰτιωτάτην
1327 1087 1382 1162 τῆς
1404 1077 1521 1160 Λαρίσ-

297 1219 355 1280 σης
379 1200 564 1280 μητρόπολιν
588 1197 767 1275 όπισκοπαί,
790 1196 810 1284 ἡ
833 1197 1019 1284 Δημητρίας,
1042 1202 1075 1262 τό
1099 1199 1278 1280 Φάρσαλον,
1302 1194 1321 1283 ἡ
1346 1201 1519 1282 Θαυμακύς,

301 1319 336 1380 τύ
359 1314 549 1402 Ζητούρνιυν,
572 1315 592 1402 ἡ
614 1317 717 1402 Ἔίιρ,
741 1319 774 1381 τύ
796 1317 1006 1400 Λυιδορίκιον,
1034 1313 1285 1402 ἡΜουντινίτία,
1318 1314 1339 1402 ἡ
1364 1313 1518 1402 Σταμή,ή

301 1433 410 1521 Τρίκη,
432 1434 453 1521 ἡ
476 1438 652 1521 Δαμόνικος,
675 1434 694 1522 ἡ
716 1437 848 1520 Κατρίοι,
871 1439 904 1500 τύ
927 1435 1102 1520 Γαρδίκιον,
1134 1433 1154 1520 ἡ
1177 1433 1358 1520 Περιστερά,
1394 1440 1431 1500 τύ
1451 1435 1518 1501 Ῥα-

301 1555 467 1635 δοβίσδιυν,
489 1553 509 1640 ἡ
531 1555 694 1628 Πατίσυνά
715 1561 770 1620 καί
790 1553 810 1640 ἡ
832 1555 967 1620 Βύσαινα
991 1554 1064 1619 ὦσιν
1087 1553 1206 1618 ἅπασαι
1229 1552 1518 1638 όποτεταημάναιτῇ

303 1673 458 1756 λιικλησίη
478 1677 574 1758 ταύτη
597 1685 650 1760 τῆς
673 1673 844 1758 Λαρίσσης,
867 1676 976 1746 καθὼς
998 1678 1052 1736 καί
1076 1672 1125 1737 ἀπ’
1148 1665 1249 1758 ἀρχῆς
1271 1671 1362 1757 ἦσαν,
1386 1679 1444 1736 καί
1465 1673 1519 1756 ἔχη

301 1789 408 1854 ἄδειαν
431 1791 447 1856 δ
470 1792 629 1876 ἱερώτατος
654 1794 874 1878 μητροπολίτης
896 1792 1056 1877 Λαρίσσης
1082 1796 1180 1856 πάντα
1213 1794 1377 1874 διενερηεῖν
1401 1791 1521 1858 ἀκωλύ-

300 1929 359 1981 τως
381 1909 412 1978 όν
436 1909 541 1982 αύταῑς
562 1917 601 1976 τά
624 1909 827 1996 ἀρχιερατικὰ
847 1917 929 1976 κατὰ
951 1913 1004 1996 την
1022 1913 1171 1994 διαταηὴν
1193 1921 1251 1974 τῶν
1274 1911 1363 1993 ἱερῶν
1378 1917 1523 1975 κανόνων

299 2033 353 2090 καί
376 2030 510 2114 διδάσκη
534 2034 584 2094 τόν
608 2031 639 2093 ἒν
663 2027 767 2103 αὐταῖς
790 2021 1061 2116 χριστώνυμονῖού
1084 2036 1188 2114 κυρίου
1210 2031 1295 2104 λαόν,
1319 2034 1376 2093 καί
1397 2029 1523 2112 ἒξετάζη
1652 2095 1653 2104 ,

302 2147 371 2217 τούς
394 2146 490 2229 ίερείς,
506 2155 561 2211 καί
578 2149 725 2233 ἀνακρίνη
748 2154 803 2212 καί
826 2146 973 2232 ἀνερευνιρ
996 2152 1095 2210 πάντα
1118 2151 1194 2232 μετά
1206 2156 1259 2229 τῆς
1281 2147 1416 2232 δεούσης
1440 2155 1527 2232 νομί·

303 2287 361 2349 μου
384 2273 615 2354 καίκανονικῆς
639 2267 807 2352 ἀκριβείας,
830 2271 884 2331 καί
905 2269 1050 2351 λαμβάνη
1076 2266 1131 2328 καὶ
1154 2265 1345 2352 ἀπορίρηται
1366 2272 1471 2330 πάντα
1492 2272 1528 2330 τά

303 2389 455 2448 κανυνικά
488 2382 580 2449 αὐτού
613 2387 721 2450 δίκαια
754 2383 981 2469 ἀνεμποδίστως
1013 2390 1112 2469 πάντη
1144 2389 1198 2447 καί
1232 2381 1414 2467 ἀταράχως,
1451 2386 1530 2448 ἔνθα
1650 2421 1651 2430 1

303 2503 329 2564 δ’
342 2501 378 2568 ἀν
394 2505 545 2590 διακρίνη,
562 2511 616 2568 καί
631 2505 814 2577 ἐπισκόπους
827 2509 1040 2590 χειροτονήσῃ,
1057 2503 1237 2591 δρείλοντας
1250 2509 1305 2568 καί
1320 2501 1435 2575 αύτούς
1452 2500 1527 2566 ύπο-

303 2626 436 2686 κείσίίαι,
451 2626 546 2706 τούτῳ
568 2629 622 2687 καί
642 2627 780 2711 κεροιλην
804 2625 888 2708 ἔχειν
911 2621 1001 2688 αὐτόν
1024 2629 1079 2688 καί
1100 2627 1182 2687 κατὰ
1208 2627 1307 2688 πάντα
1333 2620 1419 2706 αότιρ
1451 2619 1528 2686 ύπο·

302 2745 487 2818 τάσσεσθαι,
511 2741 691 2828 ύφιιλόντων
713 2747 766 2805 καὶ
787 2746 905 2806 πάντων
928 2753 986 2805 τῶν
1009 2739 1231 2825 εύρισκομίνων
1255 2741 1286 2803 όν
1307 2737 1413 2812 αὐταῖς
1437 2741 1528 2826 ίεριι·

303 2863 409 2942 μόνων,
434 2870 587 2944 μοναχύν,
611 2859 766 2944 ἀρχόντων
788 2865 842 2922 καί
864 2862 976 2931 παντὸς
998 2868 1051 2922 τού
1085 2861 1293 2943 χριστωνύμου
1318 2859 1530 2942 πληρώματος

303 2981 438 3060 στίρηιιν
472 2974 562 3040 αὐτόν
585 2984 639 3042 ναί
665 3001 753 3067 τιμαν
780 2975 822 3049 ὣς
855 2977 966 3042 οίκτίον
997 2983 1129 3061 ποιμίνα
1161 2982 1216 3039 καί
1248 2977 1439 3040 διδάσκαλον
1473 2981 1531 3041 καί

303 3091 457 3178 ύποταχ-ὴν
480 3095 641 3181 ἀπονίμειν
665 3095 746 3180 αύτῷ
767 3101 821 3161 καί
844 3095 1089 3182 τύπτίδειαντην
1107 3101 1332 3182 προσήκουσαν,
1355 3101 1529 3175 γινωσκόν-

303 3235 374 3289 των,
398 3214 439 3286 ιδς
462 3215 555 3308 εἴτις
578 3217 743 3318 ἀντιλίηειν
771 3214 852 3300 αὐτῷ
871 3221 1035 3306 πτιραδείη
1057 3221 1112 3280 καί
1134 3216 1355 3292 ἀνθίστασθαι,
1379 3218 1422 3299 τῷ
1443 3223 1530 3302 παρά

303 3343 357 3416 τῆς
389 3331 475 3418 ἡμῶν
509 3339 701 3420 μετριότητος
735 3337 874 3419 ἀπιτιμίιρ
907 3345 959 3399 τού
988 3334 1159 3424 ἀρυρισμού
1191 3337 1527 3420 καδυποβληδήσεταπ

302 3455 408 3515 τούτου
431 3457 489 3534 γάρ
511 3455 600 3536 χάριν
624 3452 809 3516 ἀπολίλυται
830 3457 885 3516 καί
906 3457 940 3515 τύ
962 3457 1060 3535 παρόν
1095 3453 1285 3530 σιηιλλιύδες
1318 3456 1449 3537 γράμμα
1472 3463 1528 3538 της

302 3568 388 3656 ἡμῶν
408 3575 605 3654 ,μετριότητος
628 3574 670 3654 τῷ
690 3570 840 3654 ἱερωτάτη
864 3575 1070 3656 μητροπολίτη
1092 3571 1269 3656 Λαρίσσης,
1295 3570 1451 3656 ὁπερτίμιρ
1474 3578 1529 3638 καί
1652 3579 1653 3636 ί

305 3689 423 3774 ὲξάρχιρ
446 3691 589 3772 δευτέρας
612 3691 780 3760 Θετταλίας
801 3695 854 3753 καί
886 3695 988 3775 πάσης
1010 3690 1160 3763 Ἑλλάδος
1186 3696 1241 3754 καί
1263 3694 1314 3756 τόν
1336 3695 1429 3755 τόπον
1454 3695 1528 3756 ἐπί-

304 3829 389 3890 χοντι
411 3817 464 3872 τού
487 3808 592 3892 Σίδης,
627 3808 657 3871 ἐν
681 3805 758 3890 ἁγίῳ
780 3813 927 3890 πνεύματι
950 3809 1097 3893 ἀγαπητῷ
1122 3809 1246 3894 ἀδελφῷ
1278 3820 1332 3894 τῆς
1358 3807 1446 3893 ἡμῶν
1470 3832 1527 3893 με·
1652 3847 1653 3908 ρ

306 3929 462 4009 τριότητος
484 3931 538 3990 καί
561 3928 790 4010 ουλλειτυυργῷ,
814 3927 862 3990 ἐπὶ
884 3927 925 4010 τῴ
948 3939 1104 4011 προσεῖναι
1127 3923 1208 4011 αύτῷ
1229 3932 1333 4010 κοίτη
1348 3927 1418 3992 κατ’
1434 3925 1528 3992 αύτόν
1652 3953 1653 3958 ’

304 4041 848 4131 όκκλησίηείςάσρσίλειανκατά
886 4057 998 4130 μῆνα
1035 4048 1307 4130 σιπτίβριον
1338 4057 1414 4129 της
1442 4047 1527 4109 ίνι-

304 4172 502 4248 οταμεης
540 4167 556 4228 ι’
590 4165 667 4230 ίνδ.
706 4175 779 4230 τού
815 4184 841 4249 ,ς
876 4189 900 4228 ιο
936 4167 964 4227 π’
1001 4165 1129 4236 ἔτους
1166 4169 1195 4242 †.

388 4281 1527 4370 ῒΕἶχεκαίδιάτιμίαςπατριαρχικηςχιιρόςτύ·

304 4395 554 4476 Φιλόδεος,
592 4401 700 4486 ἀπίῳ
736 4407 846 4468 θεοῦ
890 4401 1256 4486 ἀρχιτπίσκοπος
1293 4405 1528 4470 Κωνσταν-
1652 4441 1653 4450 ¹

304 4521 557 4595 τινουπόλεως,
580 4521 678 4593 Nea<
699 4521 844 4606 Ῥώμης,
868 4521 930 4584 καὶ
957 4521 1219 4606 οίκουμινικότ
1242 4525 1530 4607 πατριάρχηίί·
1652 4523 1653 4540 ’
