3258 5282
1285 315 1348 378 367

118 500 299 568 εὐπείθειαν
320 509 375 567 καί
392 500 561 569 ,όπακοόειν
589 499 679 586 αότερ,
702 501 747 588 ἀρ’
771 501 815 574 τίς
838 501 888 580 (ἀν
912 501 982 586 ἔχει
1003 503 1118 580 λίηειν)
1132 504 1206 585 πρός
1228 498 1347 574 αδτυός,

118 623 274 710 ἀφορῶσιν
297 623 341 694 εἰς
363 623 497 706 ψυχικὴν
525 619 624 686 αὐτῶν
651 623 854 686 λυοιτίλειαν·
883 621 910 684 εὶ
936 621 971 684 δί
999 642 1043 693 τις
1072 619 1239 700 ἀντιλόηειν
1266 617 1347 704 αότιβ

117 744 287 825 πειραθείη
309 745 363 804 καί
384 739 613 823 Ιἀντιπράττειν,
642 737 775 824 εόδόνην
803 737 1007 822 ἀποστήσεται
1033 748 1205 826 κανονικός
1232 739 1286 824 τὴν
1308 737 1345 802 ἀ·

117 861 186 932 ξίαν
207 864 292 942 παρὰ
314 868 368 943 της
389 855 475 942 ἡμῶν
498 863 704 947 μετριότητος.
726 859 857 932 καθίξαι
872 862 970 921 τοίνυν
987 853 1076 928 οὖτος
1091 857 1144 940 την
1159 862 1348 939 προστασίαν

118 981 174 1039 καί
203 979 258 1060 τὴν
285 975 384 1060 ἀρχὴν
411 986 464 1061 της
490 979 633 1062 τοιαύτης
660 987 765 1062 μονῆς,
793 980 930 1060 μετόχων
957 981 1012 1038 καί
1038 985 1092 1038 τοῦ
1117 974 1268 1060 δνόματυς
1294 982 1349 1040 καί

119 1103 175 1158 τοῦ
201 1098 296 1157 τόπου
329 1099 384 1157 καί
409 1103 463 1177 τῆς
488 1095 652 1179 προεδρίας
677 1099 732 1158 καί
757 1105 815 1157 τῶν
842 1093 944 1158 ἄλλων
971 1103 1030 1157 τῶν
1062 1093 1236 1178 ἀνηκόντων
1265 1091 1349 1178 αότηῖ

120 1214 261 1288 δικαίων,
285 1211 522 1296 ίκιμελοόμενος
544 1218 599 1278 καί
620 1217 799 1299 φροντίζων,
822 1215 932 1284 καθιδς
959 1213 1089 1298 εἴρηται,
1117 1221 1171 1297 τῆς
1194 1209 1349 1297 εόκόσμου

121 1332 239 1404 τάξευίς
260 1353 294 1393 τε
316 1336 370 1394 καί
392 1335 613 1404 καταστάσιος
635 1341 689 1416 τῆς
712 1341 808 1416 μόνης
829 1333 941 1416 ταύτης
963 1335 1018 1395 καί
1039 1339 1093 1416 της
1120 1329 1169 1394 ἐπὶ
1190 1334 1224 1394 τό
1246 1343 1347 1415 κρείτ-

122 1467 175 1510 τυν
199 1447 365 1522 λπιδόσεάς
386 1471 419 1513 τε
440 1455 495 1514 καί
517 1447 674 1534 αδέησεως
694 1460 753 1514 τῶν
774 1455 947 1534 προσόντων
969 1446 1048 1535 αὐτῇ
1066 1453 1230 1534 κτημάτων
1247 1472 1280 1512 τε
1294 1455 1349 1513 καί

121 1570 309 1650 πραγμάτων
330 1572 386 1632 καί
406 1571 519 1632 λοιπῶν
542 1568 644 1633 ἄλλων
666 1570 803 1634 δικαίων.
826 1573 880 1632 καί
900 1567 940 1632 δι’
962 1567 1135 1660 ἀσφάλειαν
1164 1567 1349 1634 ἀπολίλυτάι
1418 1649 1420 1654 Ι

123 1681 207 1768 αότῷ
227 1684 281 1748 καί
302 1688 336 1749 τό
358 1689 455 1770 παρόν
479 1689 675 1772 ίνταλτήριυν
698 1691 825 1771 γράμμα
847 1697 900 1772 της
922 1685 1008 1773 ἡμων
1032 1691 1228 1772 μρτριότητος
1249 1692 1279 1764 †.

208 1807 229 1881 †
262 1802 370 1888 Εἶχε
402 1809 479 1868 καί
510 1807 588 1892 διὰ,
622 1809 777 1888 τιμίας
812 1815 1153 1890 πατριαρχικης
1190 1809 1348 1888 χειρός

124 1925 184 1986 τό·
220 1927 326 2006 μηνί
358 1923 515 2005 ίουνίιρ
547 1922 625 1986 ίνδ.
659 1923 855 2007 δεκάτης
887 1927 917 2000 †.

209 2047 230 2118 †
253 2040 442 2124 Προσίκειτο
464 2040 522 2106 καί
540 2050 630 2105 τοῦτο
653 2039 684 2104 ἀν
706 2041 748 2126 τῷ
767 2044 893 2124 παρόντι
916 2044 1082 2124 γράμματι·
1106 2039 1152 2104 ότι
1175 2040 1292 2127 δρείλει
1314 2045 1349 2106 δί

124 2156 215 2231 οδτος
236 2165 447 2243 παραπόμπειν
470 2158 706 2246 ἀνεγκρατήτως
727 2159 771 2231 εἰς
792 2163 826 2223 τό
848 2162 1069 2244 πατριαρχικόν
1084 2161 1206 2224 κελλίον
1227 2163 1261 2222 τό
1277 2163 1349 2224 σόν-

124 2280 205 2360 ηδες
226 2282 282 2342 καί
304 2275 551 2362 ἀποτετατμίνον
573 2281 735 2342 κανυνικόν
758 2282 788 2355 †.

416 2463 555 2529 CLXVI.
578 2461 818 2542 (6865-1357)
836 2461 922 2525 iunio
941 2463 1004 2526 ind.
1020 2463 1061 2526 X.

301 2605 428 2672 βμαοάαε
437 2605 632 2673 metropolitae
646 2602 825 2656 Μαεειεεδτίαε
840 2606 959 2657 restituit
978 2605 1033 2656 άιεο
1048 2605 1173 2660 ταετείία.

210 2755 231 2828 †
253 2749 288 2814 ‘0
311 2747 473 2832 ἱερώτατος
495 2749 721 2834 μητροπολίτης
743 2747 948 2832 Μεσημβρίας
963 2752 1016 2811 καί
1032 2746 1192 2832 ὑπίρτιμος
1207 2753 1261 2812 καί
1275 2755 1352 2834 πρό-

126 2873 217 2954 εδρος
239 2868 426 2952 Ἀγχιάλου,
448 2871 531 2931 κατά
552 2877 669 2950 πνεῦμα
692 2867 851 2952 ἀγαπητός
881 2865 1015 2952 ἀδελρός
1037 2877 1091 2950 τῆς
1116 2863 1202 2952 ἡμῶν
1231 2873 1353 2953 μετριό-

126 3011 218 3073 τητος
240 2991 295 3051 καί
316 2987 561 3068 συλλειτουρηός,
583 2995 642 3068 κόρ
665 2985 838 3060 Ἀντώνιος,
867 2985 1071 3057 συνελεόοεως
1097 2996 1203 3071 ποινῆς
1225 2993 1354 3071 ηενομί-

126 3129 181 3190 νης
203 3115 263 3167 τῶν
285 3103 316 3166 ἓν
339 3115 377 3187 τη
399 3104 597 3185 θευδοξάστιρ
619 3109 673 3166 καί
688 3105 926 3186 δευμεγαλόντιρ
940 3103 1259 3170 Κωνσταντινυοπόλει
1273 3128 1354 3192 παρ-

129 3229 224 3287 όντων
250 3221 420 3305 ἱεριετάτιυν
449 3219 631 3303 ἀρχιερέων,
660 3225 757 3284 συνολν
785 3219 888 3292 αὐτοῖς
914 3226 968 3284 καί
996 3219 1087 3294 αὐτός
1113 3229 1167 3287 καί
1195 3227 1356 3308 συνεδριά-

131 3347 189 3414 ίων
212 3335 359 3424 τηὴριυν
382 3341 565 3420 μετριότητι,
588 3343 752 3420 κεκίνηκεν
775 3336 822 3400 ἀπί
843 3347 895 3401 τοῦ
918 3342 1028 3420 μίσου,
1056 3337 1097 3411 ὥς
1124 3351 1161 3424 τη
1188 3337 1235 3404 ἀπ’
1263 3339 1356 3406 αότόν

131 3458 235 3542 ἀνομία
257 3459 335 3540 μετὰ
358 3465 416 3517 τῶν
438 3454 550 3530 ἄλλων,
573 3453 651 3536 ἅπερ
674 3451 752 3540 αότη
775 3451 958 3530 ὑπόκεινται,
983 3456 1056 3520 εἰσίν
1073 3455 1109 3519 ἐκ
1130 3459 1263 3522 παλαιυό
1279 3457 1354 3522 όπο-

131 3579 304 3658 τεταημίνα
325 3577 380 3637 καί
401 3577 439 3635 τὰ
460 3576 529 3654 περί
550 3573 603 3655 τήν
625 3570 826 3656 Μεσημβρίαν
849 3573 904 3635 δόο
927 3573 1104 3648 καστίλλια,
1128 3572 1168 3636 ὧν
1191 3578 1224 3636 τό
1248 3579 1301 3657 μίν
1324 3576 1356 3639 δν

130 3694 294 3765 Κοζίακον
317 3689 518 3773 ὀνομάζουσιν
541 3688 712 3772 ίηχιυρίιυς,
742 3692 776 3751 τό
799 3691 834 3757 δὲ
855 3689 961 3772 ίτερον
982 3689 1141 3774 Ἔμμονα,
1169 3688 1215 3754 ὅτι
1237 3693 1271 3754 δὲ
1300 3689 1356 3756 όπό

133 3815 186 3896 τὴν
208 3813 391 3874 δεσποτείαν
414 3810 536 3871 τελοῦσι
558 3817 611 3870 τοῦ
635 3804 858 3890 εὐτυχεστάτου
880 3809 1032 3872 δεσπότου
1058 3818 1110 3872 τοῦ
1132 3809 1355 3894 Τυμπροτίτζα,

133 3932 319 4014 τυγχάνουσι
341 3933 395 3988 καί
417 3925 635 4008 ἀρχιερατικῆς
658 3925 847 4008 ἐπισκέψεως
869 3931 952 4009 παρὰ
975 3935 1027 3988 τοῦ
1049 3927 1169 4011 Βάρνης
1192 3932 1226 3990 τό
1249 3950 1284 4006 γε
1306 3938 1358 3992 νόν

135 4048 221 4132 ὄχον,
244 4050 300 4109 καί
321 4044 469 4128 ἐζήτησεν
492 4041 692 4122 ἐπαναλαβεῖν
716 4039 793 4104 αὐτὰ
816 4054 853 4126 τη
876 4041 944 4105 κατ’
967 4041 1059 4106 αὐτόν
1081 4043 1236 4129 ἐκκλησία
1255 4047 1356 4130 ἀρχη-

135 4171 192 4230 δεν
214 4166 408 4250 διαρόροντα.
430 4158 450 4246 ἡ
475 4170 547 4238 γοῦν
570 4163 732 4244 μετριότης
752 4156 847 4244 ἡμῶν,
871 4161 1103 4244 διασκεψαμὲνη
1125 4175 1214 4247 κοινῇ
1237 4166 1357 4245 σόναμα

135 4295 197 4356 τοῖς
218 4285 286 4365 περί
308 4275 401 4362 αὐτην
423 4278 595 4359 ἱερωτάτοις
618 4277 794 4361 ἀρχιερεῦσι
815 4282 869 4340 καί
891 4274 1073 4360 όπερτίμοις,
1097 4283 1138 4364 τῷ
1156 4281 1295 4366 Ἐφίσου,
1318 4283 1359 4363 τῷ

136 4403 332 4486 Ἡρακλείας,
356 4399 396 4481 τῷ
415 4396 558 4480 Βρόσευς
580 4401 634 4458 καί
656 4399 707 4458 τόν
730 4399 821 4458 τόπον
845 4393 984 4478 δπόχοντι
1007 4405 1060 4459 τοῦ
1076 4397 1219 4472 Κυζίκου,
1244 4397 1285 4482 τιρ
1304 4397 1356 4460 Σί-

139 4523 204 4604 δης,
228 4520 270 4602 τῷ
290 4516 579 4600 Ἀδριανουπόλεως,
602 4513 642 4598 τῷ
660 4513 863 4584 Σωζοπὸλειυς
886 4517 939 4579 καί
962 4517 1012 4577 τόν
1035 4520 1126 4579 τόπον
1150 4516 1289 4600 ίπίχοντι
1304 4525 1357 4579 τοῦ
