3314 5266
1279 339 1340 400 593

129 531 186 583 τοῦ
222 519 454 597 παναγιυτάτου
491 513 577 602 ἡμῶν
608 520 774 592 δεσπότου,
811 527 864 579 τοῦ
899 517 1110 600 οίκοομενικοῦ
1141 523 1341 602 πατριάρχου,

128 645 186 702 καί
216 641 270 722 την
284 643 364 738 Ιπερί
395 639 501 703 τούτου
531 641 739 720 ποιησαμίνου
770 635 907 718 ἔρευναν,
941 636 976 700 ού
1008 639 1066 721 μὴν
1097 636 1178 700 ἀλλά
1203 641 1258 700 καί
1284 636 1341 702 αό-

129 767 186 820 τοῦ
218 758 325 820 τούτου
347 765 400 818 τοῦ
426 753 628 839 ίερομονάχου
661 753 907 838 ὁμολογήσαντος
939 764 1027 818 τοῦτο
1049 760 1102 818 καί
1134 754 1172 818 δι’
1205 755 1343 842 ἀνάγκην

130 879 199 938 τινὰ
221 877 446 958 διατεινομόνοο
468 883 557 938 τοῦτο
578 878 785 956 πεποιηκίναι,
809 875 987 950 διέγνωσται
1009 885 1070 944 τοῖς
1090 873 1261 957 ἱερωτάτοις
1284 874 1341 956 ἀρ-

132 1003 270 1076 χιερεῦσι
291 997 345 1056 καί
366 990 549 1076 ύπερτίμοις,
573 992 832 1077 όπιψηρισαμόνου
854 997 904 1055 καί
927 1000 980 1054 τοῦ
1007 998 1236 1069 παναγιοιτάτοο
1257 992 1342 1078 ἡμῶν

131 1115 290 1187 δεσπότου,
314 1121 366 1176 τοῦ
389 1112 601 1196 οίκοομενικοῦ
622 1115 819 1198 πατριάρχου,
843 1123 905 1182 τοῖς
928 1117 982 1194 μεν
1005 1111 1109 1182 ἄλλοις
1132 1110 1259 1183 ίκείνοις
1280 1125 1342 1184 τοῖς

131 1231 252 1300 λαίκοῦς
274 1231 544 1314 ρονόωςνδοδῆναι
565 1228 710 1312 ίπιτίμια,
743 1239 848 1291 τοῦτον
869 1231 903 1290 δὲ
926 1232 1145 1312 καδηρημίνον
1172 1229 1255 1320 εἶναι
1286 1235 1341 1292 καί

126 1351 362 1430 γεγομνωμίνον
384 1351 485 1432 πάσης
507 1347 681 1431 ἱερωσύνης·
706 1345 778 1410 ὅσον
801 1351 859 1428 γάρ
882 1349 915 1409 τό
937 1347 1006 1408 κατ’
1027 1343 1135 1416 αύτούς
1158 1344 1242 1410 αύτοί
1265 1346 1339 1431 39⁶-

130 1464 408 1542 νευσανύκτίνοος,
429 1467 658 1547 παραδυδίντες
681 1469 739 1548 γὰρ
762 1465 804 1534 είς
826 1466 896 1535 τούς
917 1465 1073 1548 Τούρκοος
1093 1463 1162 1548 παρ’
1185 1461 1281 1528 αύτιῦν
1304 1461 1340 1528 ού

132 1585 226 1664 μόνον
247 1583 364 1653 πολλάς
380 1587 525 1664 τιμωρίας
548 1583 675 1657 ἔπαθον,
697 1580 778 1644 ἀλλὰ
799 1587 952 1653 καί.τινες
968 1581 999 1654 le
1014 1581 1134 1646 ίκείνων
1147 1567 1340 1660 ἀπίθανον),

132 1711 172 1782 τῇ
194 1697 344 1782 ὁμολογία
368 1699 652 1784 λγκαρτερήσαντες.
683 1699 770 1761 ἔσται
792 1709 864 1777 γοῦν
891 1697 979 1772 ούτος
1005 1701 1064 1764 ἀπὸ
1086 1710 1139 1764 τοῦ
1160 1711 1210 1764 νῦν
1232 1703 1339 1783 καίρι-

132 1822 274 1898 ρημίνος,
288 1823 342 1880 καί
357 1815 392 1880 ού
414 1819 610 1899 διαπράξεται
632 1838 660 1878 τι
681 1821 754 1878 πυτί
778 1815 930 1899 ἱερατικὸν
943 1825 1033 1880 κατὰ
1055 1820 1107 1900 τὴν
1130 1809 1340 1901 ίξενεχδτίσαν

130 1933 201 1996 κατ’
213 1931 317 1998 αὐτοῦ
342 1937 502 2020 συνοδικην
523 1939 634 2020 ταύτην
656 1937 832 2012 διάγνωσιν,
866 1934 930 1998 λαοί
955 1942 1008 1999 καί
1031 1937 1073 2007 είς
1095 1935 1264 2020 ἀσφάλειαν
1286 1941 1339 2000 καί

126 2056 162 2116 τό
184 2057 280 2136 παρόν
304 2053 437 2131 ίγεγόνιι
459 2058 621 2137 οημείωμα
646 2056 675 2130 †.

540 2238 730 2304 CCCXXX.
750 2237 825 2301 Sine
839 2259 927 2300 anno.

260 2381 439 2451 Χεεπορυίίία
451 2380 602 2434 Naroma
616 2382 645 2432 ίο
659 2379 824 2447 metropolim
839 2379 1015 2432 Μαιευιόνίσο
1034 2381 1212 2448 transm.

217 2523 533 2608 ῒἘκκλησιαοτικός
567 2519 654 2593 ούτος
676 2527 769 2605 νόμος
800 2527 854 2584 καί
874 2523 979 2593 καλιῦς
1002 2522 1083 2604 ἔχων
1105 2520 1243 2606 ἀρχῆθεν
1271 2523 1338 2586 λπι-

127 2645 287 2725 ιιραιησας
308 2653 346 2726 τῇ
368 2653 422 2727 της
444 2625 611 2726 ίκκλησίας
633 2653 777 2725 περιωπῇ,
800 2644 833 2703 τό
857 2639 916 2703 ἀπό
940 2639 1111 2724 ἐκκλησιῶν
1145 2640 1188 2711 είς
1221 2641 1339 2725 όκκλη-

128 2767 200 2832 σίας
233 2763 431 2844 μετατιδίναι
461 2765 516 2822 καί
542 2758 591 2823 ἀπ’
619 2759 785 2822 ἐλαττόνων
812 2759 855 2828 εἰς
879 2763 1000 2840 μείζους
1032 2763 1176 2841 προάγειν
1209 2761 1340 2841 θρόνους

128 2880 199 2950 τούς
220 2881 419 2962 ποιμαντικήν
441 2878 651 2963 ἀνηρημίνους
684 2877 769 2951 ἀξίαν
791 2881 845 2940 καὶ
877 2877 918 2959 τῷ
938 2887 991 2962 της
1024 2877 1249 2960 ἀρχιερωσύνης
1281 2892 1339 2940 κοι-

132 3003 310 3081 σμηδίντας
333 3003 506 3080 σεμνώματι
528 3003 582 3060 καί
605 2995 731 3081 μάλισθ’
745 2993 816 3059 ὅταν
837 2999 911 3077 πρὸς
933 3000 987 3066 τὰς
1002 3004 1053 3058 τοῦ
1075 3005 1183 3077 καιροῦ
1207 2999 1340 3079 μεταβο-

129 3117 187 3185 λάς
208 3119 262 3178 καί
285 3119 317 3177 τό
341 3126 397 3178 τῦν
419 3119 603 3198 πραγμάτων
626 3115 757 3178 ἄστατον
790 3114 992 3197 οἰκονομικῶς
1025 3113 1053 3176 οἱ
1085 3123 1139 3196 τῆς
1171 3113 1356 3198 ἐκκλησίας

128 3237 350 3318 προεστηκότες
365 3233 598 3296 ἀντιτάττεσθαι
614 3235 780 3314 βούλωνται
795 3237 848 3295 καί
870 3237 923 3302 τὰς
937 3200 1184 3316 περιλειφθείσας
1200 3244 1258 3295 τιῦν
1272 3255 1338 3314 χω·

130 3362 189 3435 ρων
204 3357 258 3414 καί
273 3362 330 3414 τῶν
345 3351 461 3413 πόλεων
476 3350 600 3434 ιύρελεῖν
616 3374 648 3414 τε
664 3355 717 3413 καί
739 3353 907 3424 διασώζειν,
923 3359 1127 3432 πνευματικῆς
1140 3353 1336 3433 προμηθείας

130 3465 282 3542 αἰιοῦντες
305 3466 408 3538 αύτάς·
432 3466 467 3532 ού
490 3473 548 3550 γὰρ
570 3470 607 3551 δὴ
630 3470 749 3531 δίκαιον
772 3473 930 3556 κρίνουσιν,
953 3466 998 3538 οἶς
1020 3466 1061 3536 είς
1083 3469 1117 3528 τό
1141 3467 1275 3550 μηδίν...
1298 3469 1336 3528 τά

130 3597 182 3671 της
205 3583 301 3650 αύτων
321 3585 453 3650 δκαοτον
475 3589 642 3670 λαχούσης,
666 3571 707 3657 ιύς
730 3587 808 3670 μηδὲ
829 3586 982 3646 δύνασθαι
1014 3585 1055 3665 μή
1084 3587 1175 3665 μόνον
1208 3583 1239 3646 ίν
1261 3587 1336 3646 ταύ-

128 3725 195 3775 ταις
216 3707 344 3782 διάγειν,
366 3702 433 3767 ἀλλ’
456 3701 519 3766 υύδ’
543 3704 687 3767 ἆπελδείν
708 3706 781 3786 πρὸς
805 3699 907 3777 αὐτάς,
931 3705 1051 3772 τούτους
1068 3700 1261 3785 ἀπρονοήτως
1276 3707 1333 3784 μί-
1385 3735 1388 3740 -

128 3842 187 3884 νειν
211 3821 243 3886 ίν
265 3825 446 3905 παραβύστῳ
469 3825 667 3904 καθημένους
689 3807 743 3885 καί
764 3821 871 3904 ίτίριον
905 3821 1121 3904 σχολάζοντας,
1156 3817 1223 3882 ἀλλ’
1257 3817 1334 3901 ὁμοῦ

128 3941 182 3999 καί
214 3941 329 4010 τούτοις
362 3941 414 4021 τὴν
437 3939 573 4022 ἀνάγκην
596 3922 816 4022 θεραπεύοντες
842 3943 895 4002 καί
919 3939 972 4022 τήν
994 3942 1098 4022 χρείαν
1131 3933 1333 4020 δρειλομίνοις

129 4049 386 4137 ἅποπληροῦντες,
409 4051 486 4139 ὁμοῦ
510 4057 543 4119 δὲ
566 4061 620 4118 καί
641 4069 706 4126 ταῖς
726 4058 886 4138 δεομέναις
913 4059 1024 4138 ψυχαῖς
1049 4061 1102 4137 τῆς
1127 4048 1225 4120 αὐτόν
1251 4051 1331 4136 ὠρι-

127 4170 212 4242 λείας
234 4169 276 4242 ὣς
295 4147 418 4256 ἰατρούς
439 4171 566 4256 ἑτοίμως
588 4171 696 4246 αύτούς
718 4178 921 4258 παρεχόμενοι
939 4175 1013 4254 πρὸς
1032 4172 1066 4231 τό
1082 4170 1255 4233 λυσιτελοῦν
1270 4179 1331 4232 τοῖν

128 4299 228 4371 μεροῖν
251 4288 408 4373 ίκατόροις
430 4295 466 4354 τὰ
487 4296 651 4374 πράγματα
674 4294 839 4373 μεθιστᾶσι
861 4291 913 4380 τήν
934 4288 1160 4370 παντοδύναμον
1176 4295 1228 4348 τοῦ
1243 4289 1332 4350 θείου

125 4409 294 4490 πνεύματος
315 4411 404 4492 χάριν
426 4413 480 4471 καί
502 4411 646 4492 συνεργόν
668 4414 722 4470 καί
744 4409 937 4488 σοντελεστίρι
959 4405 1209 4486 προβαλλόμενοι.
1236 4407 1330 4488 τούτῳ

127 4524 161 4586 δί
185 4524 227 4609 τῷ
246 4529 353 4590 κανόνι
375 4525 550 4604 ἀναγκαίως
573 4534 739 4608 στοιχοῦσα
754 4519 841 4606 καὶὴ
858 4527 1015 4606 μετριότης
1029 4519 1124 4605 ἡμῶν,
1140 4533 1176 4605 τη
1192 4522 1329 4607 παρούσῃ

1114 4627 1145 4678 33
1204 4659 1207 4664 .
