3256 5272
303 295 366 358 2³4

302 492 363 548 τόν
391 482 560 569 ἱερωτάτων
575 481 761 607 ἀρχιερέων,
789 483 826 550 οό
855 491 947 572 μόνον
975 486 1019 560 εἰς
1046 489 1247 571 μητροπόλεις
1273 485 1333 551 ἀπό
1367 491 1526 572 μητροπό-

303 605 394 681 λιων,
418 601 500 667 ἀλλά
525 608 579 669 καί
606 603 650 677 εἰς
676 596 729 669 τόν
755 602 873 690 όήηλόν
898 613 954 689 τής
977 610 1199 690 πατριαρχείας
1224 607 1353 688 θρόνον,
1388 601 1432 680 ὃς
1463 604 1527 668 ἀαό

301 732 361 785 τιῖν
393 722 659 806 ἀκκλησιαστικῦν
685 723 827 806 πράξεών
854 721 920 787 ἔστι
947 728 1140 810 καταρανίς·
1167 728 1222 787 καί
1253 722 1394 800 εί,κόεως
1427 725 1527 788 καλόν

303 845 363 924 γὰρ
390 837 504 924 ὁμοίως
531 843 582 903 τόν
610 838 733 923 ἄριστον
764 843 951 927 κυβερνήτην
978 840 1026 905 ἀπὶ
1053 852 1112 906 τῶν
1139 841 1254 907 οἰάκων
1279 845 1447 928 καθήσθαι
1471 847 1530 906 καί

303 960 374 1030 τοῦς
397 960 446 1023 όπί
466 961 594 1031 πολλοῖς
614 956 853 1043 εὐδοκιμοῦντας
874 973 937 1032 τοῖς
957 966 1168 1046 προτερήμασι
1187 973 1246 1026 τῦν
1266 963 1389 1026 πυλλιῖν
1410 963 1528 1046 προβε·

302 1075 441 1162 βλήοθαι
464 1075 618 1153 ἀνάλογον
638 1083 899 1161 περιεζωσμένους
921 1081 973 1163 τήν
995 1075 1170 1163 ἡγεμονίαν,
1199 1082 1274 1163 πρός
1296 1081 1350 1164 τήν
1373 1077 1466 1162 αότήν
1491 1081 1528 1142 δὲ

302 1195 355 1261 νῦν
377 1202 432 1261 καί
455 1193 541 1281 ἡμεῖς
563 1195 754 1282 ὡρμήθημεν
774 1200 897 1281 πρᾶξιν,
924 1199 977 1260 διά
1004 1220 1037 1261 τε
1060 1201 1094 1262 τό
1116 1203 1374 1283 τοῦπράγματος
1396 1197 1530 1276 εὔλογον

302 1320 357 1380 καί
383 1317 647 1402 δεδοκιμασμόνον
673 1328 711 1402 πή
738 1315 892 1401 ἀκκλησίορ
923 1317 979 1382 καὶ
1004 1316 1087 1402 ἅμα,
1113 1317 1165 1392 ἵνα
1189 1324 1244 1382 καί
1270 1321 1347 1392 λαός
1372 1319 1530 1405 θεοφιλής

303 1432 361 1499 οὐκ
384 1433 500 1514 όλίγος,
524 1433 541 1499 ό
563 1445 617 1520 εής
640 1433 814 1521 ἁγιωτάτης
836 1436 956 1521 δηλαδή
980 1439 1196 1522 μητροπόλεως
1212 1437 1384 1522 Κορίνθου,
1412 1443 1529 1520 ποιμά-

300 1575 352 1625 νος
374 1549 502 1637 τόμοιρή
524 1563 578 1616 τοῦ
599 1557 824 1638 προσήκοντος,
853 1551 899 1639 ἀρ’
923 1553 1038 1627 ἱκανοῖς
1064 1553 1127 1640 ἤδη
1155 1568 1216 1628 τοῖς
1243 1561 1366 1640 χρόνοις
1393 1553 1425 1620 όν
1453 1575 1531 1620 στε-

302 1674 389 1756 ρήσει
421 1676 579 1756 τυγχάνων
612 1671 831 1757 ἀρχιερατικῆς
864 1671 1046 1745 ἐπιστασίας·
1074 1679 1129 1738 καί
1162 1673 1352 1759 όπισκόψεως
1383 1678 1441 1740 καί
1472 1683 1533 1738 τοῦ

303 1790 445 1856 όντεῦθεν
474 1790 638 1876 άγιασμοῦ,
662 1789 705 1864 ὣς
739 1793 794 1878 τῆς
827 1790 921 1878 αόιής
953 1791 1124 1878 ἐκκλησίας
1158 1795 1210 1876 βίη
1237 1805 1275 1879 τή
1300 1805 1359 1858 τιῖν
1385 1793 1533 1858 Λατίνιον

301 1916 641 1995 κατατυροιννοομόνης,
673 1910 742 1994 περὶ
774 1908 816 1973 ὧν
848 1915 902 1974 καί
936 1907 972 1974 οό
999 1917 1095 1994 μικρά
1132 1931 1190 1987 τις,
1225 1907 1297 1982 οόδά
1329 1909 1351 1996 ἡ
1383 1920 1531 1995 τυχοῦσα
1622 1979 1623 1994 χ

303 2033 423 2114 ρροντίς
455 2027 494 2114 ήν
526 2040 564 2114 τῇ
595 2025 682 2113 ήμῶν
719 2033 901 2113 μετριότητι,
936 2031 1089 2101 πολλάκις
1121 2035 1177 2094 καί
1213 2032 1369 2118 διαφόρως
1408 2029 1534 2094 ἱκεσίαν

300 2147 377 2229 πρός
405 2143 499 2230 αὐτήν
526 2145 680 2233 ἔγγραφον
705 2152 773 2230 περὶ
795 2149 903 2211 τοόπυο
929 2153 1154 2232 ποιησαμένων.
1183 2148 1275 2213 όνθεν
1302 2169 1348 2210 τοι
1374 2153 1431 2212 καί
1456 2167 1533 2211 κυι-

301 2275 340 2350 νη
366 2265 530 2350 διασκίψει
556 2269 611 2329 καί
638 2269 744 2350 γνώμη
772 2275 825 2349 τῆς
851 2270 921 2348 περί
947 2263 1041 2351 αὐτήν
1068 2264 1247 2351 όμηγόρειες
1274 2275 1333 2330 τόν
1355 2264 1533 2348 ἱερωτάτην

303 2379 470 2466 ἀρχιερόων
492 2429 1534 2453 ..........................................

301 2503 514 2585 κατεπράξατο
537 2504 746 2586 μετατεθήναι
774 2499 818 2573 είς
845 2502 899 2585 τήν
926 2505 1068 2587 τοιαότην
1095 2501 1270 2589 ἀγιιυτάτην
1291 2513 1345 2588 τής
1368 2503 1532 2588 Κορίνθου

302 2621 487 2703 μητρόπολιν
519 2622 569 2682 τόν
601 2619 763 2704 ἱερώτατον
794 2619 1035 2703 ἀρχιεπίσκοτυν
1062 2621 1131 2699 Ka,
1165 2620 1324 2707 ἀγαπητόν
1351 2627 1436 2686 κατὰ
1468 2625 1531 2686 τιό·

302 2758 368 2820 ριον
391 2737 524 2825 ἀδελφόν
545 2735 631 2824 ἡμῶν
659 2744 714 2802 καί
741 2741 989 2822 ουλλειπουργόν,
1017 2742 1214 2825 σχολάζοντα
1235 2740 1297 2826 ήδη
1324 2751 1378 2827 εής
1405 2742 1530 2826 λαχυό-

303 2878 361 2942 σης
383 2855 485 2934 αὐτόν,
510 2857 564 2922 ἅτε
588 2859 705 2942 δήκαὶ
728 2857 823 2942 αότής
844 2861 927 2921 κατὰ
949 2861 1000 2922 τόν
1024 2855 1131 2941 όμοιυν
1153 2863 1262 2942 τρόπον
1285 2863 1544 2944 τοραννοομίνης,
1622 2863 1623 2886 ¹

303 2973 360 3038 όπό
382 2974 536 3054 Λατίνων,
564 2976 599 3049 δς
621 2977 659 3060 δή
682 2979 737 3040 καί
759 2975 877 3063 όρείλει
900 2977 1085 3060 μεταλαχεῖν
1112 2979 1166 3040 καί
1193 2987 1247 3040 τοῦ
1274 2980 1389 3060 θρόνου
1412 2977 1531 3061 ταύτης

301 3099 355 3157 καί
389 3106 443 3158 τοῦ
476 3093 627 3179 όνόμοιτος
659 3099 794 3180 καὶτῆς
826 3093 1002 3180 ἀνηκούσης
1032 3105 1095 3166 τοῖς
1122 3105 1176 3180 τής
1209 3094 1380 3179 ἀκκλησίας
1412 3095 1529 3180 ταόεης
1622 3157 1623 3178 2

303 3211 479 3297 ἀρχιερεῦσι
498 3223 587 3296 τιμής
607 3213 639 3278 ἔν
658 3235 690 3276 τε
710 3220 838 3278 στάσεσι
859 3219 914 3278 καί
928 3215 1102 3297 καθόδραις
1118 3212 1150 3276 ἀν
1169 3225 1235 3285 ταῖς
1248 3223 1366 3285 κοιναῖς
1381 3215 1530 3280 συνελεό-

301 3354 378 3406 σεσι,
399 3329 604 3412 ἐπιλαβέσθαι
623 3353 656 3394 τε
676 3333 731 3395 καί
744 3338 863 3398 πάντων
878 3344 937 3396 τῶν
950 3329 1000 3407 1ἀπ’
1017 3329 1111 3417 αότήν
1130 3335 1296 3417 κτημάτων
1309 3337 1365 3396 καί
1378 3336 1529 3416 πραγμά-
1575 3364 1576 3367 ¹
1622 3407 1623 3412 γ

300 3469 369 3526 των,
384 3455 439 3514 καί
459 3446 563 3521 ἁπλῶς
579 3449 679 3528 εἰπεῖν,
694 3461 753 3512 τῦν
768 3449 958 3534 όθενδήποτε
974 3452 1177 3534 διαφερόντων
1197 3461 1235 3534 τή
1255 3449 1411 3533 ἐκκλησία
1430 3453 1529 3535 ταότη

303 3571 439 3644 δικαίων,
455 3565 653 3645 ἀναγνώστας
664 3591 696 3632 τε
712 3572 889 3654 σρραγίζειν
902 3569 939 3630 ἐκ
955 3578 1012 3630 τῶν
1030 3569 1061 3631 όν
1074 3565 1152 3652 αὐτή
1167 3571 1222 3630 καί
1234 3563 1456 3640 ὑποδιακόνους
1470 3573 1531 3633 καί

301 3689 463 3758 διακόνους
475 3691 529 3750 καί
539 3689 759 3770 πρεσβυτόρους
770 3697 956 3771 χειροτονεῖν
968 3691 1023 3750 καί
1033 3690 1134 3750 πάντα
1150 3683 1253 3756 ἀτελῶς
1269 3685 1526 3768 διαπράττεσθαι,

303 3803 364 3868 ὅσα
380 3817 441 3876 τοῖς
463 3810 599 3890 γνησίοις
622 3805 816 3890 ἀρχιερεῦσιν
839 3804 870 3869 ἐν
893 3817 957 3878 ταῖς
979 3807 1152 3891 λαχοόσαις
1167 3800 1277 3876 αότοός
1292 3802 1407 3889 ἀρεῖται
1420 3817 1529 3882 ποιεῖν,

184 3947 188 3956 ·
304 3929 442 4013 μιτόχων
464 3924 519 3988 καὶ
540 3935 594 4010 τής
615 3934 669 3988 τοῦ
692 3924 774 4008 ἱεροῦ
797 3927 967 4008 σονθρόνου
989 3923 1251 4008 όγκαθιδρῦσεως,
1268 3919 1451 4009 δρειλόντων
1472 3929 1529 3988 καί

304 4053 362 4105 τῦν
386 4039 480 4126 αιἰτής
501 4043 656 4127 κληρικιῦν
677 4047 732 4106 καί
753 4055 812 4108 τῶν
834 4043 936 4108 ἀλλων
960 4042 1109 4122 ἁπάντων,
1126 4043 1305 4127 ἱερωμόνων,
1322 4053 1470 4130 μοναχῦν
1492 4065 1525 4107 τε

304 4159 359 4224 καὶ
384 4163 499 4223 λαῖκῦν
524 4165 696 4226 πείθεσθαι
725 4166 821 4246 τούτῳ
852 4161 907 4226 καὶ
927 4167 1125 4246 πειθαρχεῖν,
1156 4159 1217 4225 όσα
1243 4159 1299 4225 καῖ
1324 4160 1430 4245 οἰκείῳ
1456 4182 1527 4226 ποι·

306 4284 372 4364 μόνι
396 4283 451 4342 καί
479 4284 569 4362 πατρί
599 4285 654 4343 καὶ
684 4283 865 4364 διδασκάλω
894 4282 1088 4365 πνεοματικῴ
1122 4284 1177 4343 καί
1211 4285 1322 4365 μεσίτῃ
1352 4279 1408 4344 καὶ
1435 4281 1525 4344 διαλ-

304 4400 406 4483 λακιή
427 4401 466 4461 τὰ
486 4399 562 4478 πρός
583 4401 634 4462 τόν
656 4403 733 4464 θεόν
759 4403 813 4463 καὶ
838 4401 993 4483 δόχεσθαι
1017 4401 1184 4483 τροθόμως
1205 4404 1261 4462 καὶ
1289 4397 1418 4481 ἑτοίμως
1447 4399 1525 4463 ἀπο·

303 4517 438 4602 πληροῦν
469 4513 578 4594 πάνθ’,
612 4513 672 4580 ὅσοι
706 4519 811 4601 μέλλει
842 4519 942 4596 λέγειν
974 4525 1029 4582 καί
1057 4529 1213 4602 παραινεῖν
1247 4525 1301 4582 καὶ
1330 4518 1527 4602 εἰσηγεῖσθαι
