3258 5282
295 275 360 342 378

296 467 351 528 καί
375 465 539 544 διαγνώσει
566 464 727 551 ἀπσρίσατο
756 465 811 531 καί
843 469 953 532 σεπτῦν
980 470 1162 550 πρόσταγμα
1194 474 1247 529 τοῦ
1276 471 1439 550 κρατίστου
1469 469 1532 528 καί

297 582 387 662 ἀγίου
416 607 475 668 μου
502 583 742 672 αὐτοκράτορος,
771 587 932 672 ἐπικυροῦν
958 587 994 652 ἐκ
1019 591 1132 659 παντὸς
1158 590 1269 670 τρόπου
1295 589 1349 671 τήν
1378 589 1531 669 τοιαύτην

298 703 451 791 δγγραρον
475 703 726 770 ἀποκατάστασιν
748 707 801 770 διὰ
823 707 876 790 τήν
899 705 944 792 ἐφ’
971 705 1040 790 ἑξῆς
1068 704 1240 790 ἀσφάλειαν
1265 709 1320 767 καί
1347 702 1530 788 ἀνενοχλη-

298 819 368 884 σίαν
389 831 443 906 τῆς
466 825 637 906 σεβασμίας
659 833 766 908 μονῆς·
790 825 1019 906 καταλαβόντες
1041 826 1076 888 δὲ
1092 822 1206 906 ἀρτίως
1221 822 1265 894 εὶς
1287 823 1340 907 τήν
1354 819 1442 906 ήμῶν
1463 843 1532 904 με·

297 943 441 1024 τριότητα
468 945 522 1004 καί
548 943 602 1026 τήν
626 947 696 1024 περὶ
723 938 816 1026 αὐτήν
844 947 936 1005 θείαν
957 942 1012 1005 καὶ
1043 941 1126 1024 ἱερὰν
1159 943 1286 1004 σύνοδον
1315 939 1345 1004 οἱ
1374 937 1533 1025 ῥηθὲνσες

297 1062 430 1142 μοναχοί
450 1057 596 1142 Ῥωμαῖοι
618 1064 672 1123 καί
695 1057 911 1138 ἀνενεγκόντες
934 1065 972 1124 τά
992 1064 1183 1144 πραχθίντα,
1206 1057 1248 1130 ὥς
1270 1059 1401 1143 εἴρηται,
1430 1057 1462 1122 ἀν
1484 1069 1532 1142 τῇ

296 1176 367 1240 κατ’
393 1171 504 1248 αάτσῦς
530 1189 608 1262 μονῆ
635 1183 690 1241 καί
714 1176 781 1262 ἅμα
807 1182 841 1242 τῦ
868 1183 995 1257 γεγονός
1026 1183 1153 1263 γράμμα
1179 1179 1440 1261 προβαλλόμενοι,
1466 1179 1532 1260 τήν

297 1294 453 1381 ἀναφορὰν
475 1299 587 1360 τούτων
609 1297 816 1380 πιστοῦμενον,
840 1294 1028 1384 ἀπογραφαῖς
1051 1301 1286 1381 σεσημασμένον
1299 1308 1367 1358 τῦν
1388 1318 1421 1358 τε
1437 1295 1531 1378 τίμη-

297 1419 395 1498 μὲνων
422 1415 590 1498 ἱερωτάτων
618 1414 785 1500 ἀρχιιρίων
813 1419 867 1478 καί
892 1425 946 1480 τοῦ
974 1415 1141 1480 δσιιοτάτου
1167 1415 1308 1498 Πριθτυυ,
1343 1413 1533 1499 ἀδεήθησαν

296 1533 350 1595 διά
370 1535 496 1596 πλείονα
518 1535 571 1616 τήν
594 1531 638 1604 τίς
660 1536 694 1596 τῦ
717 1532 786 1617 ἑξῆς
809 1532 979 1619 ἀυράλειαν
1001 1539 1056 1597 καί
1083 1532 1307 1618 ἀνενοχλησίαν
1334 1541 1388 1616 τῆς
1410 1537 1528 1594 τοιαῦ-

252 1677 256 1684 ·
298 1673 353 1736 της
382 1662 477 1737 μονῆς
503 1657 557 1715 καί
583 1651 707 1736 ἑδραίαν
734 1656 788 1714 καί
814 1651 1037 1737 ἀμετακίνητον
1063 1654 1254 1715 κατάστασιν
1279 1660 1333 1734 τῆς
1359 1649 1534 1736 είρημῖνης

268 1743 270 1753 ¹
297 1769 453 1855 ἑγγράρυυ
474 1773 609 1854 πράξειας
632 1781 731 1854 τυχεῖν
754 1769 803 1834 ἑπί
824 1773 921 1854 τοῦτιρ
942 1776 1003 1844 καίΙ
1019 1771 1231 1848 σιγιλλιῦδυυς
1254 1773 1436 1852 γράμματος
1464 1766 1530 1833 αό-

296 1898 360 1972 τῆς.
386 1886 406 1975 ή
439 1893 598 1974 μετριότης
619 1887 715 1974 ἡμῶν,
748 1891 1036 1974 συνδιασκεψαμίνη
1065 1895 1103 1954 τὰ
1132 1895 1202 1973 περί
1233 1891 1340 1952 τούτου
1365 1902 1426 1960 τοῖς
1452 1894 1531 1970 περί

286 2003 392 2090 ἀότήν
418 2005 593 2091 ἱερωτάτοις
621 2007 796 2092 ἀρχιερεῦσι
822 2013 877 2070 καί
902 2005 1076 2092 όπιρτίμοις
1101 2013 1165 2072 καί·
1180 2020 1218 2092 τῆ
1243 2009 1440 2092 παρακλήσει
1464 2005 1530 2071 αδ·

295 2136 353 2188 τῶν
387 2123 430 2197 ὣς
462 2123 579 2210 εὐλόγῳ
608 2137 800 2211 πρυσχοῦσα,
826 2129 860 2190 τό
892 2130 990 2211 παρόν
1024 2125 1163 2210 ἑπομίγει
1196 2122 1298 2197 αότοίς
1330 2127 1532 2204 σιγιλλιιῖδες

296 2247 434 2329 γράμμα,
457 2242 496 2309 δι’
519 2242 555 2308 οὗ
576 2253 631 2308 καί
654 2243 685 2310 ἑν
708 2243 787 2328 ἀγίιρ
808 2247 1052 2329 παρακελεύεται
1070 2247 1229 2329 ἑτνεῦματι,
1251 2244 1302 2306 ἵνα
1324 2244 1386 2328 ίχη
1409 2241 1530 2326 ἀπάρτι

296 2357 351 2427 καί
385 2363 436 2434 εἰς’
455 2367 490 2428 τό
517 2363 586 2449 ἑξῆς
615 2367 650 2426 τῦ
676 2373 769 2446 κῦρος
794 2369 849 2427 καί
881 2363 1106 2448 ἀμετάτρεπτον
1138 2361 1158 2448 ή
1192 2375 1331 2441 γεγονυῖα
1365 2355 1529 2448 ἑγγραφος

298 2482 508 2567 ἑνυπόγραρυς
539 2485 729 2554 κατάστασις
760 2487 846 2566 παρά
871 2504 904 2544 τι
931 2493 989 2546 τῶν
1016 2482 1183 2566 ίερωτάτων
1211 2469 1439 2565 μητρυπολίτιῖν
1467 2486 1529 2544 καί

297 2608 351 2662 τοῦ
375 2597 543 2663 όσιωτοίτυυ
566 2600 694 2682 Προίτου
715 2605 783 2684 περί
815 2610 870 2684 τῆς
894 2601 1091 2684 δηλωθείσης
1118 2611 1176 2663 τῶν
1199 2601 1321 2684 Ἰβήρων
1348 2601 1530 2685 σεβασμίας

295 2729 400 2803 μονῆς,
422 2725 477 2782 καί
499 2725 673 2805 κατίχωσιν
696 2719 738 2790 τίς
761 2723 794 2783 τῦ
817 2719 886 2804 ἑξῆς
909 2720 938 2783 υί
961 2725 1092 2803 μοναχυί
1105 2719 1249 2800 Ῥωμαῖοι
1267 2720 1321 2801 τήν
1343 2719 1529 2802 καθολικὴν

295 2832 389 2920 αὐτῆς
411 2835 590 2922 ἐκκλησίαν,
613 2835 668 2900 καὶ
691 2832 853 2900 ἑκτελῦισιν
877 2835 907 2898 ὲν
931 2833 1008 2920 αὐτῆ
1029 2840 1082 2906 τάς
1105 2835 1189 2919 ἱερὰς
1204 2833 1367 2919 ὑμνῳδίας,
1390 2831 1527 2916 ὑπερευ-

294 2957 422 3037 χόμενυι
444 2966 503 3018 τῶν
525 2959 696 3038 κρατίστων
718 2959 772 3018 καί
794 2953 887 3031 ἀγίων
911 2976 969 3037 μου
996 2949 1230 3036 αὐτοκρατόρων
1255 2958 1310 3016 καί
1331 2955 1443 3023 παντὸς
1465 2961 1528 3017 τοῦ

294 3076 506 3157 χριστωνῦμου
527 3078 582 3137 καί
603 3069 773 3158 δρθοδόξου
794 3075 1006 3158 πληρώματος,
1027 3079 1083 3136 καί
1106 3073 1167 3156 ἔχη
1190 3069 1286 3144 υότως
1304 3069 1324 3158 ή
1340 3073 1528 3156 δηλωθεῖσα

296 3189 449 3276 ἀκκλησία
470 3195 523 3276 τήν
547 3191 741 3277 ἁρμόζουσαν
764 3187 931 3274 εάκοσμίαν
954 3189 1048 3276 αὐτῆς
1070 3196 1125 3256 καί
1143 3195 1334 3255 κατάστασιν
1364 3187 1436 3272 παρ’
1458 3185 1526 3252 αῦ-

294 3321 351 3372 τῦν
387 3311 425 3395 δή
460 3320 518 3372 τιῖν
546 3307 691 3394 μοναχιῦν
717 3307 884 3394 Ῥωμαίων,
912 3315 967 3372 καί
994 3308 1120 3392 ἀριθμῷ
1146 3313 1201 3372 καί
1226 3319 1288 3379 τοῖς
1305 3319 1528 3391 πνευματικοῖς

291 3433 499 3513 προτερήμασι
520 3433 602 3492 κατὰ
623 3431 701 3492 πυλῦ
724 3431 927 3515 διαριρόντων
949 3439 1007 3492 τῶν
1030 3427 1162 3513 Ἰβήρων,
1178 3423 1263 3491 οὗτοι
1289 3427 1325 3489 δί
1347 3425 1377 3489 υἱ
1396 3426 1525 3510 Ἴβηρες

293 3553 451 3632 κατίχωσι
473 3549 526 3633 τήν
548 3547 654 3632 ἑτεραν
677 3545 847 3632 ἐκκλησίαν
870 3549 923 3632 τήν
946 3546 989 3618 είς
1011 3545 1111 3631 ὄνομα
1132 3551 1303 3630 τιμωμόνην
1325 3555 1379 3630 τῆς
1393 3547 1523 3628 θεομή-

292 3689 382 3749 τορος
404 3677 458 3751 τῆς
480 3667 718 3750 Πορτιατίσσης,
740 3669 795 3728 καί
821 3664 970 3730 όκτελῦσι
995 3671 1051 3729 καί
1077 3661 1161 3728 οὗτοι
1187 3663 1218 3728 ἀν
1246 3661 1324 3747 αάτῆ
1351 3666 1407 3734 τάς
1434 3662 1524 3745 ἱεράς

290 3778 451 3866 ἀμνιρδίας,
475 3783 662 3862 λκλίγωνται
682 3785 717 3846 δὲ
741 3781 800 3846 ἀπό
817 3793 874 3850 τῶν
891 3793 1035 3867 μοναχῶν
1050 3781 1208 3866 Ῥωμαίων
1229 3779 1400 3866 ἡγούμενός
1414 3801 1447 3841 τε
1462 3785 1525 3844 καί

293 3901 536 3988 ἑκκλησιάρχης,
559 3902 639 3978 ἀξιοι
660 3911 715 3985 τῆς
735 3903 878 3986 τοιαάτης
892 3907 1090 3985 προστασίας,
1113 3903 1276 3984 δυνάμενοι
1290 3903 1345 3962 καί
1360 3896 1524 3985 ἀμφότερα

294 4023 331 4081 τά
354 4024 431 4103 μίρη
454 4031 511 4082 τῶν
538 4023 681 4084 τοιοῦτον
705 4030 848 4104 μοναχῶν
874 4025 1066 4102 καταρτίζειν
1089 4019 1132 4090 είς
1159 4017 1289 4102 ἑνότητα
1314 4020 1369 4079 καί
1394 4013 1521 4100 ἀγάπην

291 4139 497 4220 πνευματικήν
530 4143 584 4200 καί
617 4139 775 4202 διδάσκειν
808 4143 862 4202 καί
894 4141 1048 4201 νουθετεῖν
1080 4141 1196 4206 πάντας
1227 4139 1282 4198 καί
1318 4146 1521 4218 χειραγωγεῖν

289 4255 431 4328 ἀπλανῶς
452 4258 496 4328 τίς
519 4259 571 4340 τήν
594 4269 647 4341 τῆς
670 4265 821 4343 σωτηρίας
843 4256 925 4335 δδάν,
942 4258 984 4330 εἰς
1007 4259 1041 4320 δὲ
1068 4261 1106 4319 τὰ
1132 4255 1224 4340 ἑτερα
1248 4257 1465 4338 διακονήματα
1486 4253 1518 4318 οἱ

288 4377 524 4459 χρησιμιῦοντες
547 4373 579 4447 ἀξ
602 4375 780 4460 ἀμρυτίρων
803 4388 860 4440 τῶν
884 4388 994 4459 μεριῦν,
1017 4381 1071 4439 καί
1093 4372 1171 4439 οῦτοι
1195 4375 1344 4466 ὲπικραιη
1366 4373 1398 4437 ἑν
1414 4371 1518 4446 αάτυῖς

288 4494 473 4580 ριλαδτλρία
495 4497 549 4558 καί
572 4491 677 4578 ἀγάπη
699 4499 753 4557 καί
777 4493 896 4571 ἑνωσις,
923 4493 941 4558 ό
968 4497 1085 4578 καρπός
1108 4503 1161 4557 τοῦ
1185 4493 1310 4572 ἀγαθοῦ
1331 4494 1517 4576 πνεύματος,
