3262 5276
1259 277 1319 342 3⁶1

97 456 205 532 αὐτόν,
219 457 277 521 κάν
301 457 384 531 ὅστις
407 458 469 542 ἀρα
483 463 535 522 καί
557 461 598 542 η’·
620 463 754 544 πρόσεχε
777 467 858 537 γοῦν,
881 457 930 522 ἵνα
947 455 1033 521 οῦδὲν
1048 461 1202 544 παραδίξη
1217 469 1319 532 ποσεῦς

97 581 153 640 τόν
176 587 313 640 τοιοῦτον
336 579 538 678 Θεοδῦριτον,
554 575 594 648 ἀς
617 576 655 640 ἀν
678 579 718 662 μη
742 574 897 662 όποπόσης
918 581 972 640 καί
994 578 1030 640 οῦ
1054 576 1097 649 είς
1120 578 1173 661 την
1188 577 1320 642 καταδί-

96 714 173 776 κην,
196 694 241 765 είς
263 694 299 779 ἣν
323 695 367 758 ἔνι
389 700 443 758 καί
466 693 483 759 ό
505 695 705 778 Θεοδώριτυς·
728 696 811 774 λέγει
833 699 892 778 ηάρ
915 694 931 759 ό
953 697 1063 771 κανοῦν,
1086 692 1132 758 ότι
1154 692 1320 759 όάκοινω-

98 815 185 896 νητιρ
208 821 359 875 κοινωνῶν
380 817 434 875 καί
454 809 546 884 αότῦς
569 811 773 898 ἀκοινώνητος
796 813 889 877 ίστω·
914 812 995 878 ἀλλά
1018 814 1135 896 μάλλον
1157 810 1194 885 ἀς
1216 809 1318 900 ίχηη

107 932 275 1017 θεοριλεία
304 951 360 993 σου
384 932 459 1014 πρός
484 932 570 994 τόνδε
598 935 649 995 τόν
679 931 839 1016 ἱερώτατον
871 932 1094 1016 μητροπολίτην
1119 929 1239 1013 Κοίβοο
1266 935 1321 1002 καί

105 1053 212 1132 πάσης
233 1047 375 1123 Ῥωσίας,
397 1050 479 1111 κατὰ
500 1052 534 1113 τό
557 1047 632 1144 ὅπερ
653 1051 737 1135 δχεις
759 1053 864 1134 χρίυς,
887 1046 1062 1114 εόπείόειαν
1084 1054 1139 1113 καί
1160 1048 1321 1131 εὐλάβειαν

102 1173 162 1230 καί
183 1163 352 1249 όποταγὴν,
378 1167 488 1238 καθείς
509 1172 563 1232 καί
584 1167 622 1232 δι’
645 1167 749 1253 ότίρου
770 1171 949 1252 γράμματος
975 1168 1158 1250 πλατύτερον
1183 1167 1319 1252 παρεδή-

103 1288 188 1348 λωσῦ
211 1306 260 1347 σοι
281 1281 301 1369 ἡ
325 1287 482 1369 μετριότης
503 1281 641 1370 ἡμῦν,ἡ
664 1289 721 1368 ηάρ
743 1285 819 1367 πρός
841 1281 932 1346 αότόν
954 1285 1005 1348 τόν
1027 1283 1187 1367 ίερεότατον
1204 1306 1320 1370 μητρο-

103 1403 245 1485 πολίτην,
267 1409 323 1485 κῦρ
344 1401 490 1478 Ἀλίξευν,
513 1403 584 1487 τιμη
607 1402 650 1475 είς
671 1406 723 1466 τόν
745 1403 820 1465 θεόν
843 1398 1035 1486 ἀναρίρεται,
1058 1399 1113 1464 καὶ
1134 1400 1178 1474 είς
1196 1402 1249 1486 την
1265 1424 1321 1485 με·

106 1524 253 1604 τριότητα
275 1516 361 1604 ἡμῶν
383 1519 545 1600 διαβαίνοι.
568 1528 716 1604 συντηροῦ
739 1522 836 1582 τοίνυν
858 1521 912 1580 καί
932 1523 1012 1588 ποίει
1034 1520 1123 1582 καθά
1142 1540 1192 1582 σοι
1206 1539 1322 1602 παρεχ-

104 1638 256 1720 ηυεῖεμεῦα
287 1636 339 1700 διά
365 1645 419 1700 τοῦ
442 1640 592 1720 παρόντος
617 1630 847 1730 γράμματοςη
874 1637 963 1718 χάρις
990 1645 1051 1705 τοῦ
1069 1638 1146 1699 θεοῦ
1173 1635 1220 1721 εἴη
1247 1640 1323 1720 μετά

106 1765 163 1837 τῆς
185 1756 365 1838 ῦεοριλείας
387 1773 442 1816 σου
465 1757 493 1830 †.

192 1877 212 1948 †
245 1871 350 1955 Εἶχε
382 1874 441 1933 τό·
476 1876 579 1954 μηνί
614 1871 773 1952 ίουλίιρ
798 1871 876 1933 ίνδ.
912 1869 935 1942 C
966 1849 1141 1953 διὰέης
1173 1891 1324 1954 πατρι-

109 1998 310 2072 ςρχικης
342 1994 415 2052 καί
448 1991 580 2060 θείας
613 1991 768 2072 χειρός
801 1991 830 2064 †.

551 2171 685 2238 oLvm.
702 2172 880 2237 Sineanno.

142 2315 269 2384 Smin
287 2318 398 2374 εεαίειίι.
421 2324 453 2366 ιιι
479 2313 659 2368 Υίοάίοεόνῦασ
676 2316 713 2366 sit
730 2313 806 2366 οοάεε
825 2314 1011 2382 metropolim
1028 2313 1147 2368 me'aa
1165 2324 1190 2368 εί
1208 2315 1291 2368 ίοοόειε

655 2431 784 2489 Imm

201 2581 220 2655 †
242 2576 318 2660 Εἶχε
342 2581 395 2661 μὲν
410 2574 430 2661 ἡ
446 2573 600 2660 άηιωτάτη
624 2577 809 2661 μητρόπολις
831 2574 960 2648 Ῥωσίας
983 2572 1060 2659 μετὰ
1081 2581 1134 2640 καί
1149 2588 1207 2640 τῶν
1224 2575 1325 2640 ἀλλων

111 2700 251 2780 κάστρυν
273 2700 328 2758 καί
349 2705 456 2780 χωροῦν
478 2705 536 2757 τῶν
559 2691 615 2757 όπό
638 2696 690 2779 την
713 2694 831 2778 ίνορίαν
854 2695 1153 2778 ταότης·τελοῦντιον
1167 2701 1221 2759 καί
1237 2699 1270 2760 τό
1294 2695 1326 2758 ἀν

111 2826 150 2899 τῇ
173 2813 277 2898 Μικρᾷ
299 2812 412 2895 Ῥωσία
432 2816 575 2896 κάστρον,
590 2814 624 2874 τό
647 2811 765 2893 Κόεβον
788 2811 1061 2895 ἐπονομαζόμενον,
1084 2814 1118 2875 ίν
1140 2811 1164 2898 τί
1185 2811 1222 2898 ἠν
1244 2812 1327 2877 ἀνεν-

112 2937 171 2996 δεν
191 2928 211 3016 ἡ
233 2931 389 3015 καθυλικη
413 2929 566 3014 ἀκκλησία
581 2939 634 3012 τῆς
657 2930 882 3014 μητροπόλεως,
903 2925 1085 3013 ηὑρίσκοντο
1102 2931 1136 2994 at
1157 2935 1211 2994 καί
1233 2932 1262 2994 υί
1283 2931 1331 2995 [e-

114 3056 243 3134 ρεῦτατοι
271 3047 421 3132 ἀρχιερεῖς
442 3045 571 3118 Ῥωσίας
598 3049 651 3130 την
679 3047 798 3130 οἴκησιν
824 3049 999 3130 ποιούμενοι
1025 3048 1058 3109 ἀν
1084 3045 1177 3134 αῦτη·
1203 3048 1266 3112 ἐπεὶ
1292 3052 1326 3113 δό

114 3165 173 3230 ἀπό
195 3175 248 3250 της
269 3173 323 3228 τοῦ
344 3171 455 3246 καιροῦ
478 3165 654 3248 συγχόσεως
675 3167 729 3227 καί
751 3162 926 3246 ἀνωμαλίας
946 3162 1002 3226 καὶ
1016 3173 1070 3248 τῆς
1085 3176 1142 3228 τῶν
1158 3169 1328 3244 γειτονυόν-

113 3305 174 3350 τεεν
194 3283 376 3366 Ἄλαράνων
403 3282 504 3364 δεινίρς
528 3279 697 3352 ίπιόίσεως
724 3278 862 3366 όρόάρη,
884 3284 938 3343 καί
959 3279 1002 3352 εἰς
1025 3287 1228 3366 στενοχωρίαν
1250 3304 1328 3345 κατ-

114 3409 243 3487 ηντησε,
270 3397 437 3463 κάντεῦθεν
460 3395 489 3459 οἱ
509 3399 722 3480 προϊστάμενοι
742 3395 962 3482 ἀρχιερατικῦς
984 3407 1038 3482 τῆς
1052 3397 1189 3475 Ῥωσίας,
1212 3403 1253 3484 μη
1276 3402 1330 3484 την

114 3523 294 3604 ἀνήκουσαν
316 3522 370 3579 καί
392 3513 592 3601 όφειλομίνην
614 3509 715 3585 αότοῑς
737 3517 915 3599 κυβίρνησιν
939 3515 1072 3598 ἔχοντες,
1094 3520 1177 3598 παρὰ
1195 3517 1272 3580 πυλό
1294 3518 1329 3582 δό

113 3642 298 3720 λειπομῦνην
321 3643 374 3716 της
392 3637 549 3717 τροτόροις,
573 3628 637 3693 ἀπεί
651 3627 721 3692 υάδό
738 3639 791 3714 της
806 3641 863 3694 τῶν
879 3631 1054 3710 ἀναγκαίων
1070 3628 1219 3716 ηὐπόρουν
1234 3638 1330 3716 πρόσ-

114 3758 208 3829 ῦδου,
240 3753 418 3838 μετῴκησαν
446 3749 489 3820 εὶς
516 3751 568 3834 την
597 3745 768 3832 ἀτιωτάτην
794 3745 888 3832 αὐτῆς
915 3747 1081 3832 όπιοκυπην
1106 3747 1330 3836 Βλανδιμηρου,

116 3873 227 3956 ἱκανὴν
249 3867 342 3933 οὖσαν
364 3873 509 3952 παράχεον
533 3860 633 3936 αὐτοῖς
652 3865 832 3948 καταμονὴν
859 3869 913 3928 καί
940 3863 1108 3929 ἀνάπαυσιν
1133 3871 1250 3932 πάντων
1272 3882 1331 3934 τῶν

116 3991 289 4076 χρειιοδῦν,
312 3985 485 4070 μετῴκισαν
507 3985 541 4045 δά
564 3981 595 4045 ἓν
624 3979 701 4066 αῦτη
724 3991 828 4044 τοῦτον
855 3983 906 4044 τόν
933 3985 1041 4066 τρόπον
1069 3979 1087 4045 ό
1112 3959 1153 4046 τεΙ
1171 3984 1333 4068 ἱερώτατος

117 4107 342 4196 μητρυπυλίτης
363 4101 500 4177 Ῥωσίας,
523 4111 580 4184 κῦρ
601 4103 796 4178 Θεόηνωστυς
818 4098 943 4175 ἐκεῖνος,
966 4103 1020 4162 καί
1040 4103 1099 4182 πρό
1120 4099 1213 4165 αὐτοῦ
1233 4103 1333 4188 Ιτεροι

117 4229 185 4302 δύο,
205 4223 455 4302 ἀπιοκεπτόμενοι
477 4223 545 4301 μίν,
568 4215 640 4282 ὅσον
666 4216 762 4290 εἰκός,
790 4220 844 4277 καί
870 4219 903 4278 τό
929 4214 1048 4298 Κόεβον
1075 4222 1130 4281 καί
1158 4222 1253 4304 τυότιρ
1278 4225 1332 4306 την

115 4349 298 4430 προτίμησιν
320 4334 521 4419 ἀπονίμυντες
543 4335 594 4397 διά
616 4336 650 4396 τό
673 4331 787 4402 ἀκείσε,
810 4328 851 4402 ὣς
874 4331 1058 4416 δεδήλωται,
1081 4334 1157 4398 εἶναι
1180 4339 1230 4400 τόν
1252 4341 1331 4420 θρό-

113 4448 169 4526 ’νον
190 4459 312 4524 άνωάεν
334 4462 386 4538 της
414 4451 640 4535 μητροπόλεως,
668 4447 822 4517 οἰκοῦντες
845 4448 878 4509 δὲ
901 4452 955 4510 καί
977 4450 1181 4532 διατρίβοντες
1204 4461 1257 4518 καί
1279 4459 1332 4540 την
