<?xml version="1.0" encoding="UTF-8"?>
<!DOCTYPE html PUBLIC "-//W3C//DTD XHTML 1.0 Transitional//EN"
    "http://www.w3.org/TR/xhtml1/DTD/xhtml1-transitional.dtd">
<html xmlns="http://www.w3.org/1999/xhtml" xml:lang="en" lang="en">
 <head>
  <title>
</title>
<meta http-equiv="Content-Type" content="text/html;charset=utf-8" />
  <meta name='ocr-system' content='tesseract 3.04.00' />
  <meta name='ocr-capabilities' content='ocr_page ocr_carea ocr_par ocr_line ocrx_word'/>
</head>
<body>
  <div class='ocr_page' id='page_1' title='image "./actaetdiplomata01miklgoog_0172.png"; bbox 0 0 3258 5278; ppageno 0'>
   <div class='ocr_carea' id='block_1_1' title="bbox 1234 309 1293 374">
    <p class='ocr_par' dir='ltr' id='par_1_1' title="bbox 1234 309 1293 374">
     <span class='ocr_line' id='line_1_1' title="bbox 1234 309 1293 374; baseline 0.034 -2"><span class='ocrx_word' id='word_1_1' title='bbox 1234 309 1293 374; x_wconf 89' lang='grc' dir='ltr'><strong>1δ7</strong></span> 
     </span>
    </p>
   </div>
   <div class='ocr_carea' id='block_1_2' title="bbox 76 491 1290 2709">
    <p class='ocr_par' dir='ltr' id='par_1_2' title="bbox 76 491 1290 1288">
     <span class='ocr_line' id='line_1_2' title="bbox 80 491 1288 580; baseline 0.001 -22"><span class='ocrx_word' id='word_1_2' title='bbox 80 493 234 580; x_wconf 80' lang='grc' dir='ltr'><strong>ὁπερείμοο</strong></span> <span class='ocrx_word' id='word_1_3' title='bbox 255 502 309 560; x_wconf 86' lang='grc' dir='ltr'><strong>καί</strong></span> <span class='ocrx_word' id='word_1_4' title='bbox 331 496 481 578; x_wconf 85' lang='grc' dir='ltr'><strong>προέδρου</strong></span> <span class='ocrx_word' id='word_1_5' title='bbox 503 494 625 580; x_wconf 73' lang='grc' dir='ltr'><strong>Βιίιέης,</strong></span> <span class='ocrx_word' id='word_1_6' title='bbox 647 493 819 567; x_wconf 73' lang='grc' dir='ltr'><strong>Νικολάου,</strong></span> <span class='ocrx_word' id='word_1_7' title='bbox 846 501 900 558; x_wconf 79' lang='grc' dir='ltr'><strong>τοῦ</strong></span> <span class='ocrx_word' id='word_1_8' title='bbox 925 493 1064 562; x_wconf 84' lang='grc' dir='ltr'><strong>ΙΙιοιδίατ</strong></span> <span class='ocrx_word' id='word_1_9' title='bbox 1091 499 1144 558; x_wconf 84' lang='grc' dir='ltr'><strong>καί</strong></span> <span class='ocrx_word' id='word_1_10' title='bbox 1167 491 1288 578; x_wconf 75' lang='grc' dir='ltr'><strong>ὑπερτί-</strong></span> 
     </span>
     <span class='ocr_line' id='line_1_3' title="bbox 80 609 1290 699; baseline -0.001 -23"><span class='ocrx_word' id='word_1_11' title='bbox 80 636 141 698; x_wconf 87' lang='grc' dir='ltr'><strong>μοο,</strong></span> <span class='ocrx_word' id='word_1_12' title='bbox 165 615 345 699; x_wconf 86' lang='grc' dir='ltr'><strong>Γρηγορίοο,</strong></span> <span class='ocrx_word' id='word_1_13' title='bbox 366 623 420 678; x_wconf 84' lang='grc' dir='ltr'><strong>εοδ</strong></span> <span class='ocrx_word' id='word_1_14' title='bbox 444 614 588 678; x_wconf 83' lang='grc' dir='ltr'><strong>ΙΙαλαιιέν</strong></span> <span class='ocrx_word' id='word_1_15' title='bbox 612 614 747 698; x_wconf 79' lang='grc' dir='ltr'><strong>ΙΙατρῶν,</strong></span> <span class='ocrx_word' id='word_1_16' title='bbox 770 609 931 696; x_wconf 76' lang='grc' dir='ltr'><strong>ὑπτρτίμυυ</strong></span> <span class='ocrx_word' id='word_1_17' title='bbox 945 661 952 676; x_wconf 94' lang='grc'><strong>.</strong></span> <span class='ocrx_word' id='word_1_18' title='bbox 966 661 973 676; x_wconf 92' lang='grc'><strong>.</strong></span> <span class='ocrx_word' id='word_1_19' title='bbox 988 663 994 676; x_wconf 96' lang='grc'>.</span> <span class='ocrx_word' id='word_1_20' title='bbox 1009 663 1015 676; x_wconf 94' lang='grc'><em>.</em></span> <span class='ocrx_word' id='word_1_21' title='bbox 1029 663 1036 676; x_wconf 92' lang='grc'><strong>.</strong></span> <span class='ocrx_word' id='word_1_22' title='bbox 1051 664 1073 686; x_wconf 92' lang='grc'><strong>.,</strong></span> <span class='ocrx_word' id='word_1_23' title='bbox 1098 624 1150 677; x_wconf 83' lang='grc' dir='ltr'><strong>του</strong></span> <span class='ocrx_word' id='word_1_24' title='bbox 1173 612 1290 698; x_wconf 73' lang='grc' dir='ltr'><strong>Σερρών</strong></span> 
     </span>
     <span class='ocr_line' id='line_1_4' title="bbox 78 723 1289 818; baseline 0.001 -22"><span class='ocrx_word' id='word_1_25' title='bbox 78 741 124 796; x_wconf 82' lang='grc' dir='ltr'><strong>καί</strong></span> <span class='ocrx_word' id='word_1_26' title='bbox 146 731 319 818; x_wconf 81' lang='grc' dir='ltr'><strong>ὁπτρτίμου,</strong></span> <span class='ocrx_word' id='word_1_27' title='bbox 341 733 515 816; x_wconf 72' lang='grc' dir='ltr'><strong>Μακαρίαν),</strong></span> <span class='ocrx_word' id='word_1_28' title='bbox 538 743 591 796; x_wconf 74' lang='grc' dir='ltr'><strong>τοῦ</strong></span> <span class='ocrx_word' id='word_1_29' title='bbox 608 723 753 816; x_wconf 79' lang='grc' dir='ltr'><strong>Βερροίας</strong></span> <span class='ocrx_word' id='word_1_30' title='bbox 775 737 830 794; x_wconf 80' lang='grc' dir='ltr'><strong>καί</strong></span> <span class='ocrx_word' id='word_1_31' title='bbox 851 727 1022 814; x_wconf 76' lang='grc' dir='ltr'><strong>ὑπερτίμοο,</strong></span> <span class='ocrx_word' id='word_1_32' title='bbox 1045 735 1212 806; x_wconf 75' lang='grc' dir='ltr'><strong>Δανυτίοο,</strong></span> <span class='ocrx_word' id='word_1_33' title='bbox 1237 744 1289 797; x_wconf 84' lang='grc' dir='ltr'><strong>του</strong></span> 
     </span>
     <span class='ocr_line' id='line_1_5' title="bbox 76 847 1290 935; baseline -0.001 -20"><span class='ocrx_word' id='word_1_34' title='bbox 76 851 237 935; x_wconf 74' lang='grc' dir='ltr'><strong>Μεθδμνης</strong></span> <span class='ocrx_word' id='word_1_35' title='bbox 264 857 319 916; x_wconf 81' lang='grc' dir='ltr'><strong>καί</strong></span> <span class='ocrx_word' id='word_1_36' title='bbox 345 849 522 934; x_wconf 68' lang='grc' dir='ltr'><strong>ιδπιρείμου,</strong></span> <span class='ocrx_word' id='word_1_37' title='bbox 552 851 733 935; x_wconf 83' lang='grc' dir='ltr'><strong>Μαλαχίου,</strong></span> <span class='ocrx_word' id='word_1_38' title='bbox 760 857 813 912; x_wconf 71' lang='grc' dir='ltr'><strong>τοῦ</strong></span> <span class='ocrx_word' id='word_1_39' title='bbox 839 849 1025 926; x_wconf 89' lang='grc' dir='ltr'><strong>Σουγδαίας,</strong></span> <span class='ocrx_word' id='word_1_40' title='bbox 1053 847 1214 934; x_wconf 79' lang='grc' dir='ltr'><strong>ὑπερτέρου</strong></span> <span class='ocrx_word' id='word_1_41' title='bbox 1235 858 1290 914; x_wconf 81' lang='grc' dir='ltr'><strong>καί</strong></span> 
     </span>
     <span class='ocr_line' id='line_1_6' title="bbox 76 968 1288 1053; baseline 0.002 -23"><span class='ocrx_word' id='word_1_42' title='bbox 76 971 216 1052; x_wconf 86' lang='grc' dir='ltr'><strong>προέδρου</strong></span> <span class='ocrx_word' id='word_1_43' title='bbox 244 969 510 1052; x_wconf 86' lang='grc' dir='ltr'><strong>Λακεδαιμονίας,</strong></span> <span class='ocrx_word' id='word_1_44' title='bbox 540 969 664 1043; x_wconf 76' lang='grc' dir='ltr'><strong>Λουκα,</strong></span> <span class='ocrx_word' id='word_1_45' title='bbox 693 978 746 1032; x_wconf 77' lang='grc' dir='ltr'><strong>τοῦ</strong></span> <span class='ocrx_word' id='word_1_46' title='bbox 775 969 1015 1053; x_wconf 85' lang='grc' dir='ltr'><strong>Ιίροικοννήσου,</strong></span> <span class='ocrx_word' id='word_1_47' title='bbox 1048 968 1208 1052; x_wconf 85' lang='grc' dir='ltr'><strong>Μανοοήλ,</strong></span> <span class='ocrx_word' id='word_1_48' title='bbox 1235 976 1288 1033; x_wconf 88' lang='grc' dir='ltr'><strong>καί</strong></span> 
     </span>
     <span class='ocr_line' id='line_1_7' title="bbox 78 1087 1287 1172; baseline 0 -23"><span class='ocrx_word' id='word_1_49' title='bbox 78 1097 123 1150; x_wconf 84' lang='grc' dir='ltr'><strong>τοῦ</strong></span> <span class='ocrx_word' id='word_1_50' title='bbox 154 1087 222 1163; x_wconf 72' lang='grc' dir='ltr'><strong>Κῶ,</strong></span> <span class='ocrx_word' id='word_1_51' title='bbox 257 1088 444 1172; x_wconf 81' lang='grc' dir='ltr'><strong>Γερασίμου,</strong></span> <span class='ocrx_word' id='word_1_52' title='bbox 473 1092 704 1172; x_wconf 76' lang='grc' dir='ltr'><strong>παρωταμένυν</strong></span> <span class='ocrx_word' id='word_1_53' title='bbox 736 1091 791 1150; x_wconf 87' lang='grc' dir='ltr'><strong>καί</strong></span> <span class='ocrx_word' id='word_1_54' title='bbox 822 1088 1068 1171; x_wconf 74' lang='grc' dir='ltr'><strong>θεοριλιαεαταν</strong></span> <span class='ocrx_word' id='word_1_55' title='bbox 1101 1089 1287 1152; x_wconf 83' lang='grc' dir='ltr'><strong>δεακυτικιῑιν</strong></span> 
     </span>
     <span class='ocr_line' id='line_1_8' title="bbox 78 1203 279 1288; baseline 0.005 -21"><span class='ocrx_word' id='word_1_56' title='bbox 78 1203 225 1288; x_wconf 76' lang='grc' dir='ltr'><strong>θρχδντιον</strong></span> <span class='ocrx_word' id='word_1_57' title='bbox 248 1212 279 1282; x_wconf 74' lang='grc' dir='ltr'><strong>ή.</strong></span> 
     </span>
    </p>

    <p class='ocr_par' dir='ltr' id='par_1_3' title="bbox 77 1320 1288 2709">
     <span class='ocr_line' id='line_1_9' title="bbox 151 1320 1285 1409; baseline 0.002 -23"><span class='ocrx_word' id='word_1_58' title='bbox 151 1329 171 1400; x_wconf 83' lang='lat'>†</span> <span class='ocrx_word' id='word_1_59' title='bbox 195 1323 341 1407; x_wconf 83' lang='grc' dir='ltr'><strong>Παρέστη</strong></span> <span class='ocrx_word' id='word_1_60' title='bbox 363 1335 401 1408; x_wconf 77' lang='grc' dir='ltr'><strong>πή</strong></span> <span class='ocrx_word' id='word_1_61' title='bbox 422 1323 499 1388; x_wconf 85' lang='grc' dir='ltr'><strong>καθ’</strong></span> <span class='ocrx_word' id='word_1_62' title='bbox 520 1323 602 1409; x_wconf 77' lang='grc' dir='ltr'><strong>ήμας</strong></span> <span class='ocrx_word' id='word_1_63' title='bbox 625 1321 694 1406; x_wconf 75' lang='grc' dir='ltr'><strong>ἱερή</strong></span> <span class='ocrx_word' id='word_1_64' title='bbox 719 1328 772 1387; x_wconf 84' lang='grc' dir='ltr'><strong>καί</strong></span> <span class='ocrx_word' id='word_1_65' title='bbox 793 1327 866 1406; x_wconf 80' lang='grc' dir='ltr'><strong>θείη</strong></span> <span class='ocrx_word' id='word_1_66' title='bbox 881 1324 998 1406; x_wconf 78' lang='grc' dir='ltr'><strong>ουνδδιρ</strong></span> <span class='ocrx_word' id='word_1_67' title='bbox 1013 1320 1032 1406; x_wconf 88' lang='grc' dir='ltr'><strong>ή</strong></span> <span class='ocrx_word' id='word_1_68' title='bbox 1050 1327 1172 1407; x_wconf 82' lang='grc' dir='ltr'><strong>μοναχή</strong></span> <span class='ocrx_word' id='word_1_69' title='bbox 1188 1325 1285 1401; x_wconf 80' lang='grc' dir='ltr'><strong>Ἀγα-</strong></span> 
     </span>
     <span class='ocr_line' id='line_1_10' title="bbox 77 1439 1288 1528; baseline 0.002 -24"><span class='ocrx_word' id='word_1_70' title='bbox 77 1445 195 1526; x_wconf 89' lang='grc' dir='ltr'><strong>θονίκη,</strong></span> <span class='ocrx_word' id='word_1_71' title='bbox 228 1446 284 1506; x_wconf 84' lang='grc' dir='ltr'><strong>καί</strong></span> <span class='ocrx_word' id='word_1_72' title='bbox 314 1441 473 1528; x_wconf 65' lang='grc' dir='ltr'><strong>ἀνέφερεν,</strong></span> <span class='ocrx_word' id='word_1_73' title='bbox 504 1439 545 1514; x_wconf 72' lang='grc' dir='ltr'><strong>ὣς</strong></span> <span class='ocrx_word' id='word_1_74' title='bbox 571 1441 587 1506; x_wconf 79' lang='grc' dir='ltr'><strong>δ</strong></span> <span class='ocrx_word' id='word_1_75' title='bbox 613 1445 688 1526; x_wconf 76' lang='grc' dir='ltr'><strong>πρὸς</strong></span> <span class='ocrx_word' id='word_1_76' title='bbox 715 1445 828 1526; x_wconf 72' lang='grc' dir='ltr'><strong>μητρὸς</strong></span> <span class='ocrx_word' id='word_1_77' title='bbox 854 1445 941 1514; x_wconf 84' lang='grc' dir='ltr'><strong>θτίος</strong></span> <span class='ocrx_word' id='word_1_78' title='bbox 969 1439 1075 1526; x_wconf 71' lang='grc' dir='ltr'><strong>αὐτῆς,</strong></span> <span class='ocrx_word' id='word_1_79' title='bbox 1108 1442 1124 1507; x_wconf 80' lang='grc' dir='ltr'><strong>δ</strong></span> <span class='ocrx_word' id='word_1_80' title='bbox 1151 1449 1288 1528; x_wconf 80' lang='grc' dir='ltr'><strong>μοναχός</strong></span> 
     </span>
     <span class='ocr_line' id='line_1_11' title="bbox 77 1558 1286 1646; baseline 0 -21"><span class='ocrx_word' id='word_1_81' title='bbox 77 1561 250 1635; x_wconf 81' lang='grc' dir='ltr'><strong>Θεοδδσιος,</strong></span> <span class='ocrx_word' id='word_1_82' title='bbox 274 1559 310 1623; x_wconf 76' lang='grc' dir='ltr'><strong>έκ</strong></span> <span class='ocrx_word' id='word_1_83' title='bbox 333 1572 387 1645; x_wconf 87' lang='grc' dir='ltr'><strong>τής</strong></span> <span class='ocrx_word' id='word_1_84' title='bbox 409 1561 609 1644; x_wconf 67' lang='grc' dir='ltr'><strong>Σκαμάνδρου</strong></span> <span class='ocrx_word' id='word_1_85' title='bbox 632 1558 837 1644; x_wconf 71' lang='grc' dir='ltr'><strong>ὑποχωρήσας</strong></span> <span class='ocrx_word' id='word_1_86' title='bbox 860 1560 937 1644; x_wconf 74' lang='grc' dir='ltr'><strong>ὁμοῦ</strong></span> <span class='ocrx_word' id='word_1_87' title='bbox 960 1560 1023 1644; x_wconf 81' lang='grc' dir='ltr'><strong>μετ’</strong></span> <span class='ocrx_word' id='word_1_88' title='bbox 1048 1558 1155 1646; x_wconf 72' lang='grc' dir='ltr'><strong>αότής,</strong></span> <span class='ocrx_word' id='word_1_89' title='bbox 1185 1563 1230 1625; x_wconf 70' lang='grc' dir='ltr'><strong>ἔτι</strong></span> <span class='ocrx_word' id='word_1_90' title='bbox 1251 1563 1286 1626; x_wconf 83' lang='grc' dir='ltr'><strong>δέ</strong></span> 
     </span>
     <span class='ocr_line' id='line_1_12' title="bbox 77 1679 1284 1765; baseline 0 -25"><span class='ocrx_word' id='word_1_91' title='bbox 77 1684 122 1740; x_wconf 84' lang='grc' dir='ltr'><strong>καί</strong></span> <span class='ocrx_word' id='word_1_92' title='bbox 141 1689 193 1762; x_wconf 88' lang='grc' dir='ltr'><strong>τής</strong></span> <span class='ocrx_word' id='word_1_93' title='bbox 216 1684 333 1764; x_wconf 80' lang='grc' dir='ltr'><strong>μητρδς</strong></span> <span class='ocrx_word' id='word_1_94' title='bbox 356 1679 450 1765; x_wconf 75' lang='grc' dir='ltr'><strong>αὐτῆς</strong></span> <span class='ocrx_word' id='word_1_95' title='bbox 471 1689 523 1764; x_wconf 85' lang='grc' dir='ltr'><strong>τής</strong></span> <span class='ocrx_word' id='word_1_96' title='bbox 547 1689 686 1764; x_wconf 84' lang='grc' dir='ltr'><strong>μοναχής</strong></span> <span class='ocrx_word' id='word_1_97' title='bbox 701 1679 907 1750; x_wconf 79' lang='grc' dir='ltr'><strong>Ἀναστασίας</strong></span> <span class='ocrx_word' id='word_1_98' title='bbox 930 1681 982 1742; x_wconf 74' lang='grc' dir='ltr'><strong>διὰ</strong></span> <span class='ocrx_word' id='word_1_99' title='bbox 1004 1682 1057 1762; x_wconf 86' lang='grc' dir='ltr'><strong>τήν</strong></span> <span class='ocrx_word' id='word_1_100' title='bbox 1080 1690 1138 1742; x_wconf 78' lang='grc' dir='ltr'><strong>τῶν</strong></span> <span class='ocrx_word' id='word_1_101' title='bbox 1161 1679 1284 1764; x_wconf 75' lang='grc' dir='ltr'><strong>ἐχθρῶν</strong></span> 
     </span>
     <span class='ocr_line' id='line_1_13' title="bbox 78 1796 1285 1883; baseline 0 -25"><span class='ocrx_word' id='word_1_102' title='bbox 78 1799 227 1880; x_wconf 77' lang='grc' dir='ltr'><strong>βαρβάρων</strong></span> <span class='ocrx_word' id='word_1_103' title='bbox 252 1798 402 1873; x_wconf 74' lang='grc' dir='ltr'><strong>ἐπίθεσιν,</strong></span> <span class='ocrx_word' id='word_1_104' title='bbox 424 1804 478 1862; x_wconf 82' lang='grc' dir='ltr'><strong>καί</strong></span> <span class='ocrx_word' id='word_1_105' title='bbox 501 1797 543 1871; x_wconf 87' lang='grc' dir='ltr'><strong>είς</strong></span> <span class='ocrx_word' id='word_1_106' title='bbox 564 1801 618 1883; x_wconf 90' lang='grc' dir='ltr'><strong>τήν</strong></span> <span class='ocrx_word' id='word_1_107' title='bbox 641 1799 854 1882; x_wconf 74' lang='grc' dir='ltr'><strong>θεογήλακτον</strong></span> <span class='ocrx_word' id='word_1_108' title='bbox 869 1799 957 1860; x_wconf 78' lang='grc' dir='ltr'><strong>πολιν</strong></span> <span class='ocrx_word' id='word_1_109' title='bbox 979 1796 1161 1880; x_wconf 81' lang='grc' dir='ltr'><strong>Ἡράκλειαν</strong></span> <span class='ocrx_word' id='word_1_110' title='bbox 1185 1797 1285 1860; x_wconf 73' lang='grc' dir='ltr'><strong>ἐλθὸν</strong></span> 
     </span>
     <span class='ocr_line' id='line_1_14' title="bbox 78 1912 1286 1999; baseline 0.001 -24"><span class='ocrx_word' id='word_1_111' title='bbox 78 1919 122 1976; x_wconf 81' lang='grc' dir='ltr'><strong>καί</strong></span> <span class='ocrx_word' id='word_1_112' title='bbox 143 1915 173 1977; x_wconf 77' lang='grc' dir='ltr'><strong>ἐν</strong></span> <span class='ocrx_word' id='word_1_113' title='bbox 190 1913 272 1998; x_wconf 80' lang='grc' dir='ltr'><strong>αιἰτή</strong></span> <span class='ocrx_word' id='word_1_114' title='bbox 288 1916 427 1998; x_wconf 75' lang='grc' dir='ltr'><strong>οἰκήσας,</strong></span> <span class='ocrx_word' id='word_1_115' title='bbox 451 1916 608 1999; x_wconf 73' lang='grc' dir='ltr'><strong>ἀνήγειρεν</strong></span> <span class='ocrx_word' id='word_1_116' title='bbox 632 1915 715 1986; x_wconf 68' lang='grc' dir='ltr'><strong>ἐντὸς</strong></span> <span class='ocrx_word' id='word_1_117' title='bbox 739 1912 832 1997; x_wconf 71' lang='grc' dir='ltr'><strong>αὐτῆς</strong></span> <span class='ocrx_word' id='word_1_118' title='bbox 854 1915 979 1984; x_wconf 73' lang='grc' dir='ltr'><strong>οἰκείοις</strong></span> <span class='ocrx_word' id='word_1_119' title='bbox 1003 1912 1095 1976; x_wconf 80' lang='grc' dir='ltr'><strong>αὐτου</strong></span> <span class='ocrx_word' id='word_1_120' title='bbox 1109 1917 1217 1986; x_wconf 81' lang='grc' dir='ltr'><strong>κδποις</strong></span> <span class='ocrx_word' id='word_1_121' title='bbox 1233 1921 1286 1976; x_wconf 83' lang='grc' dir='ltr'><strong>καί</strong></span> 
     </span>
     <span class='ocr_line' id='line_1_15' title="bbox 81 2030 1285 2118; baseline 0.001 -24"><span class='ocrx_word' id='word_1_122' title='bbox 81 2031 253 2118; x_wconf 70' lang='grc' dir='ltr'><strong>ἀναλώμασι</strong></span> <span class='ocrx_word' id='word_1_123' title='bbox 284 2037 442 2117; x_wconf 73' lang='grc' dir='ltr'><strong>μονήδριον</strong></span> <span class='ocrx_word' id='word_1_124' title='bbox 469 2034 511 2106; x_wconf 82' lang='grc' dir='ltr'><strong>εὶς</strong></span> <span class='ocrx_word' id='word_1_125' title='bbox 539 2033 637 2116; x_wconf 71' lang='grc' dir='ltr'><strong>ὄνομα</strong></span> <span class='ocrx_word' id='word_1_126' title='bbox 664 2044 716 2117; x_wconf 85' lang='grc' dir='ltr'><strong>τής</strong></span> <span class='ocrx_word' id='word_1_127' title='bbox 744 2030 913 2116; x_wconf 75' lang='grc' dir='ltr'><strong>ὑπεραγνου</strong></span> <span class='ocrx_word' id='word_1_128' title='bbox 940 2033 1102 2114; x_wconf 84' lang='grc' dir='ltr'><strong>δεσποίνης</strong></span> <span class='ocrx_word' id='word_1_129' title='bbox 1128 2037 1182 2094; x_wconf 84' lang='grc' dir='ltr'><strong>καί</strong></span> <span class='ocrx_word' id='word_1_130' title='bbox 1209 2039 1285 2096; x_wconf 87' lang='grc' dir='ltr'><strong>θεο-</strong></span> 
     </span>
     <span class='ocr_line' id='line_1_16' title="bbox 78 2149 1286 2240; baseline 0.002 -28"><span class='ocrx_word' id='word_1_131' title='bbox 78 2153 197 2233; x_wconf 86' lang='grc' dir='ltr'><strong>μήτυρος</strong></span> <span class='ocrx_word' id='word_1_132' title='bbox 227 2155 286 2214; x_wconf 86' lang='grc' dir='ltr'><strong>καί</strong></span> <span class='ocrx_word' id='word_1_133' title='bbox 320 2153 563 2240; x_wconf 81' lang='grc' dir='ltr'><strong>έπικεκλημένης</strong></span> <span class='ocrx_word' id='word_1_134' title='bbox 596 2161 648 2235; x_wconf 81' lang='grc' dir='ltr'><strong>της</strong></span> <span class='ocrx_word' id='word_1_135' title='bbox 676 2152 937 2235; x_wconf 78' lang='grc' dir='ltr'><strong>Κριονεριτίσαης,</strong></span> <span class='ocrx_word' id='word_1_136' title='bbox 970 2149 1013 2220; x_wconf 84' lang='grc' dir='ltr'><strong>εὶς</strong></span> <span class='ocrx_word' id='word_1_137' title='bbox 1045 2150 1061 2212; x_wconf 75' lang='grc' dir='ltr'>ὃ</span> <span class='ocrx_word' id='word_1_138' title='bbox 1088 2150 1286 2232; x_wconf 76' lang='grc' dir='ltr'><strong>εἰσαχθείσαι</strong></span> 
     </span>
     <span class='ocr_line' id='line_1_17' title="bbox 77 2265 1287 2356; baseline 0.001 -27"><span class='ocrx_word' id='word_1_139' title='bbox 77 2267 135 2351; x_wconf 81' lang='grc' dir='ltr'><strong>παρ’</strong></span> <span class='ocrx_word' id='word_1_140' title='bbox 160 2267 257 2334; x_wconf 70' lang='grc' dir='ltr'><strong>αὐτοῦ</strong></span> <span class='ocrx_word' id='word_1_141' title='bbox 285 2269 455 2356; x_wconf 74' lang='grc' dir='ltr'><strong>ἀμφίτεραι</strong></span> <span class='ocrx_word' id='word_1_142' title='bbox 484 2268 659 2352; x_wconf 79' lang='grc' dir='ltr'><strong>εδρίσκοντο</strong></span> <span class='ocrx_word' id='word_1_143' title='bbox 686 2275 741 2333; x_wconf 84' lang='grc' dir='ltr'><strong>καί</strong></span> <span class='ocrx_word' id='word_1_144' title='bbox 765 2271 871 2352; x_wconf 83' lang='grc' dir='ltr'><strong>διήγον</strong></span> <span class='ocrx_word' id='word_1_145' title='bbox 900 2269 930 2332; x_wconf 78' lang='grc' dir='ltr'><strong>ἐν</strong></span> <span class='ocrx_word' id='word_1_146' title='bbox 957 2265 1050 2352; x_wconf 65' lang='grc' dir='ltr'><strong>αὐτήν·</strong></span> <span class='ocrx_word' id='word_1_147' title='bbox 1080 2275 1156 2352; x_wconf 71' lang='grc' dir='ltr'><strong>μετὰ</strong></span> <span class='ocrx_word' id='word_1_148' title='bbox 1183 2275 1287 2352; x_wconf 89' lang='grc' dir='ltr'><strong>μέντοι</strong></span> 
     </span>
     <span class='ocr_line' id='line_1_18' title="bbox 77 2384 1286 2473; baseline 0.003 -25"><span class='ocrx_word' id='word_1_149' title='bbox 77 2391 181 2468; x_wconf 83' lang='grc' dir='ltr'><strong>γρδνενν</strong></span> <span class='ocrx_word' id='word_1_150' title='bbox 203 2399 295 2452; x_wconf 78' lang='grc' dir='ltr'><strong>τινῶν</strong></span> <span class='ocrx_word' id='word_1_151' title='bbox 313 2391 522 2472; x_wconf 72' lang='grc' dir='ltr'><strong>παραδρομὴν,</strong></span> <span class='ocrx_word' id='word_1_152' title='bbox 540 2388 659 2472; x_wconf 71' lang='grc' dir='ltr'><strong>ἐπείπερ</strong></span> <span class='ocrx_word' id='word_1_153' title='bbox 680 2386 853 2472; x_wconf 78' lang='grc' dir='ltr'><strong>ἠσθένησεν</strong></span> <span class='ocrx_word' id='word_1_154' title='bbox 875 2388 892 2452; x_wconf 76' lang='grc' dir='ltr'><strong>δ</strong></span> <span class='ocrx_word' id='word_1_155' title='bbox 915 2385 1024 2473; x_wconf 78' lang='grc' dir='ltr'><strong>ῥηθείς</strong></span> <span class='ocrx_word' id='word_1_156' title='bbox 1046 2393 1131 2461; x_wconf 87' lang='grc' dir='ltr'><strong>θεῖος</strong></span> <span class='ocrx_word' id='word_1_157' title='bbox 1153 2384 1246 2472; x_wconf 79' lang='grc' dir='ltr'><strong>αὐτής</strong></span> <span class='ocrx_word' id='word_1_158' title='bbox 1268 2386 1286 2452; x_wconf 84' lang='grc' dir='ltr'>ὁ</span> 
     </span>
     <span class='ocr_line' id='line_1_19' title="bbox 79 2505 1286 2592; baseline 0.001 -26"><span class='ocrx_word' id='word_1_159' title='bbox 79 2511 202 2589; x_wconf 85' lang='grc' dir='ltr'><strong>μοναχδς</strong></span> <span class='ocrx_word' id='word_1_160' title='bbox 218 2508 401 2582; x_wconf 69' lang='grc' dir='ltr'><strong>Θεοδόσιος,</strong></span> <span class='ocrx_word' id='word_1_161' title='bbox 417 2514 471 2570; x_wconf 82' lang='grc' dir='ltr'><strong>καί</strong></span> <span class='ocrx_word' id='word_1_162' title='bbox 487 2507 625 2592; x_wconf 78' lang='grc' dir='ltr'><strong>Ιήθέλησε</strong></span> <span class='ocrx_word' id='word_1_163' title='bbox 641 2513 694 2570; x_wconf 86' lang='grc' dir='ltr'><strong>καί</strong></span> <span class='ocrx_word' id='word_1_164' title='bbox 711 2505 857 2590; x_wconf 69' lang='grc' dir='ltr'><strong>ἐζήτησεν</strong></span> <span class='ocrx_word' id='word_1_165' title='bbox 877 2507 951 2568; x_wconf 85' lang='grc' dir='ltr'><strong>ίδείν</strong></span> <span class='ocrx_word' id='word_1_166' title='bbox 974 2509 1024 2568; x_wconf 75' lang='grc' dir='ltr'><strong>τὸν</strong></span> <span class='ocrx_word' id='word_1_167' title='bbox 1044 2508 1286 2590; x_wconf 68' lang='grc' dir='ltr'><strong>θεοφιλέστατον</strong></span> 
     </span>
     <span class='ocr_line' id='line_1_20' title="bbox 78 2621 1284 2709; baseline 0.004 -26"><span class='ocrx_word' id='word_1_168' title='bbox 78 2621 230 2689; x_wconf 82' lang='grc' dir='ltr'><strong>έτίοκυαυν</strong></span> <span class='ocrx_word' id='word_1_169' title='bbox 247 2627 387 2700; x_wconf 84' lang='grc' dir='ltr'><strong>Δανείου,</strong></span> <span class='ocrx_word' id='word_1_170' title='bbox 404 2625 470 2709; x_wconf 80' lang='grc' dir='ltr'><strong>ἅμα</strong></span> <span class='ocrx_word' id='word_1_171' title='bbox 486 2631 541 2708; x_wconf 83' lang='grc' dir='ltr'><strong>μέν</strong></span> <span class='ocrx_word' id='word_1_172' title='bbox 556 2631 610 2690; x_wconf 88' lang='grc' dir='ltr'><strong>καί</strong></span> <span class='ocrx_word' id='word_1_173' title='bbox 630 2627 683 2688; x_wconf 78' lang='grc' dir='ltr'><strong>διὰ</strong></span> <span class='ocrx_word' id='word_1_174' title='bbox 697 2629 742 2696; x_wconf 80' lang='grc' dir='ltr'><strong>τὸ,</strong></span> <span class='ocrx_word' id='word_1_175' title='bbox 763 2625 814 2688; x_wconf 81' lang='grc' dir='ltr'><strong>ἵνα</strong></span> <span class='ocrx_word' id='word_1_176' title='bbox 829 2627 951 2709; x_wconf 69' lang='grc' dir='ltr'><strong>δέξηται</strong></span> <span class='ocrx_word' id='word_1_177' title='bbox 967 2627 1019 2708; x_wconf 85' lang='grc' dir='ltr'><strong>τήν</strong></span> <span class='ocrx_word' id='word_1_178' title='bbox 1035 2623 1210 2708; x_wconf 78' lang='grc' dir='ltr'><strong>ὲξαγορείαν</strong></span> <span class='ocrx_word' id='word_1_179' title='bbox 1226 2623 1284 2688; x_wconf 70' lang='grc' dir='ltr'><strong>αὖ·</strong></span> 
     </span>
    </p>
   </div>
   <div class='ocr_carea' id='block_1_3' title="bbox 78 2725 1283 2828">
    <p class='ocr_par' dir='ltr' id='par_1_4' title="bbox 78 2725 1283 2828">
     <span class='ocr_line' id='line_1_21' title="bbox 78 2725 1283 2828; baseline 0.003 -25"><span class='ocrx_word' id='word_1_180' title='bbox 78 2749 132 2816; x_wconf 78' lang='grc' dir='ltr'><strong>τοῦ,</strong></span> <span class='ocrx_word' id='word_1_181' title='bbox 147 2741 211 2828; x_wconf 78' lang='grc' dir='ltr'><strong>ἅμα</strong></span> <span class='ocrx_word' id='word_1_182' title='bbox 227 2747 264 2808; x_wconf 79' lang='grc' dir='ltr'><strong>δί</strong></span> <span class='ocrx_word' id='word_1_183' title='bbox 281 2749 335 2808; x_wconf 83' lang='grc' dir='ltr'><strong>καὶ</strong></span> <span class='ocrx_word' id='word_1_184' title='bbox 350 2745 402 2806; x_wconf 74' lang='grc' dir='ltr'><strong>διὰ</strong></span> <span class='ocrx_word' id='word_1_185' title='bbox 418 2747 461 2818; x_wconf 80' lang='grc' dir='ltr'><strong>εδ,</strong></span> <span class='ocrx_word' id='word_1_186' title='bbox 477 2742 528 2806; x_wconf 82' lang='grc' dir='ltr'><strong>ἵνα</strong></span> <span class='ocrx_word' id='word_1_187' title='bbox 543 2745 684 2827; x_wconf 77' lang='grc' dir='ltr'><strong>διαθήκη</strong></span> <span class='ocrx_word' id='word_1_188' title='bbox 703 2749 827 2828; x_wconf 90' lang='grc' dir='ltr'><strong>γένηται</strong></span> <span class='ocrx_word' id='word_1_189' title='bbox 842 2738 898 2808; x_wconf 76' lang='grc' dir='ltr'><strong>θπό</strong></span> <span class='ocrx_word' id='word_1_190' title='bbox 915 2747 1042 2826; x_wconf 78' lang='grc' dir='ltr'><strong>μάρτυρι</strong></span> <span class='ocrx_word' id='word_1_191' title='bbox 1058 2725 1139 2828; x_wconf 68' lang='grc' dir='ltr'><strong>αῧτηῑ</strong></span> <span class='ocrx_word' id='word_1_192' title='bbox 1152 2750 1204 2806; x_wconf 87' lang='grc' dir='ltr'><strong>καί</strong></span> <span class='ocrx_word' id='word_1_193' title='bbox 1220 2757 1283 2817; x_wconf 75' lang='grc' dir='ltr'><strong>τοῖς</strong></span> 
     </span>
    </p>
   </div>
   <div class='ocr_carea' id='block_1_4' title="bbox 76 2857 1286 4594">
    <p class='ocr_par' dir='ltr' id='par_1_5' title="bbox 76 2857 1286 4594">
     <span class='ocr_line' id='line_1_22' title="bbox 80 2857 1283 2948; baseline 0.006 -28"><span class='ocrx_word' id='word_1_194' title='bbox 80 2857 160 2924; x_wconf 73' lang='grc' dir='ltr'><strong>αότοδ</strong></span> <span class='ocrx_word' id='word_1_195' title='bbox 181 2864 355 2948; x_wconf 81' lang='grc' dir='ltr'><strong>κληρικυίς,</strong></span> <span class='ocrx_word' id='word_1_196' title='bbox 378 2862 490 2948; x_wconf 74' lang='grc' dir='ltr'><strong>έπέοτη</strong></span> <span class='ocrx_word' id='word_1_197' title='bbox 512 2868 568 2946; x_wconf 86' lang='grc' dir='ltr'><strong>μέν</strong></span> <span class='ocrx_word' id='word_1_198' title='bbox 590 2868 644 2926; x_wconf 88' lang='grc' dir='ltr'><strong>καί</strong></span> <span class='ocrx_word' id='word_1_199' title='bbox 666 2865 820 2944; x_wconf 86' lang='grc' dir='ltr'><strong>κατέλαβε</strong></span> <span class='ocrx_word' id='word_1_200' title='bbox 842 2867 917 2946; x_wconf 76' lang='grc' dir='ltr'><strong>πρὸς</strong></span> <span class='ocrx_word' id='word_1_201' title='bbox 939 2860 1031 2926; x_wconf 74' lang='grc' dir='ltr'><strong>αὐτὸν</strong></span> <span class='ocrx_word' id='word_1_202' title='bbox 1054 2861 1070 2926; x_wconf 79' lang='grc' dir='ltr'><strong>δ</strong></span> <span class='ocrx_word' id='word_1_203' title='bbox 1094 2859 1184 2936; x_wconf 70' lang='grc' dir='ltr'><strong>αὐτὸς</strong></span> <span class='ocrx_word' id='word_1_204' title='bbox 1206 2867 1283 2927; x_wconf 89' lang='grc' dir='ltr'><strong>θεο-</strong></span> 
     </span>
     <span class='ocr_line' id='line_1_23' title="bbox 78 2979 1282 3064; baseline 0.001 -21"><span class='ocrx_word' id='word_1_205' title='bbox 78 2981 247 3060; x_wconf 73' lang='grc' dir='ltr'><strong>φιλέστατος</strong></span> <span class='ocrx_word' id='word_1_206' title='bbox 271 2979 434 3054; x_wconf 75' lang='grc' dir='ltr'><strong>ἰπίσκοπος</strong></span> <span class='ocrx_word' id='word_1_207' title='bbox 453 2981 591 3057; x_wconf 80' lang='grc' dir='ltr'><strong>Δανείου,</strong></span> <span class='ocrx_word' id='word_1_208' title='bbox 614 2985 668 3044; x_wconf 88' lang='grc' dir='ltr'><strong>καί</strong></span> <span class='ocrx_word' id='word_1_209' title='bbox 691 2982 816 3054; x_wconf 76' lang='grc' dir='ltr'><strong>έδέξατυ</strong></span> <span class='ocrx_word' id='word_1_210' title='bbox 838 2985 892 3063; x_wconf 88' lang='grc' dir='ltr'><strong>τήν</strong></span> <span class='ocrx_word' id='word_1_211' title='bbox 914 2979 1089 3064; x_wconf 76' lang='grc' dir='ltr'><strong>έξαγορείαν</strong></span> <span class='ocrx_word' id='word_1_212' title='bbox 1112 2979 1214 3056; x_wconf 73' lang='grc' dir='ltr'><strong>αὐτοῦ,</strong></span> <span class='ocrx_word' id='word_1_213' title='bbox 1238 2981 1282 3044; x_wconf 67' lang='grc' dir='ltr'><strong>εὶ»</strong></span> 
     </span>
     <span class='ocr_line' id='line_1_24' title="bbox 77 3097 1286 3182; baseline 0.006 -27"><span class='ocrx_word' id='word_1_214' title='bbox 77 3099 172 3170; x_wconf 89' lang='grc' dir='ltr'><strong>πίντος</strong></span> <span class='ocrx_word' id='word_1_215' title='bbox 193 3104 251 3160; x_wconf 89' lang='grc' dir='ltr'><strong>καί</strong></span> <span class='ocrx_word' id='word_1_216' title='bbox 272 3103 339 3180; x_wconf 83' lang='grc' dir='ltr'><strong>περί</strong></span> <span class='ocrx_word' id='word_1_217' title='bbox 361 3109 414 3162; x_wconf 81' lang='grc' dir='ltr'><strong>τοῦ</strong></span> <span class='ocrx_word' id='word_1_218' title='bbox 442 3101 615 3182; x_wconf 87' lang='grc' dir='ltr'><strong>μονυδρίου,</strong></span> <span class='ocrx_word' id='word_1_219' title='bbox 644 3097 716 3162; x_wconf 78' lang='grc' dir='ltr'><strong>ὅσον</strong></span> <span class='ocrx_word' id='word_1_220' title='bbox 742 3097 779 3182; x_wconf 88' lang='grc' dir='ltr'><strong>ήν</strong></span> <span class='ocrx_word' id='word_1_221' title='bbox 808 3097 888 3182; x_wconf 71' lang='grc' dir='ltr'><strong>αὐτῷ</strong></span> <span class='ocrx_word' id='word_1_222' title='bbox 908 3102 986 3182; x_wconf 74' lang='grc' dir='ltr'><strong>πρὸς</strong></span> <span class='ocrx_word' id='word_1_223' title='bbox 1015 3100 1204 3182; x_wconf 82' lang='grc' dir='ltr'><strong>βουλήσεως,</strong></span> <span class='ocrx_word' id='word_1_224' title='bbox 1232 3105 1286 3164; x_wconf 89' lang='grc' dir='ltr'><strong>καί</strong></span> 
     </span>
     <span class='ocr_line' id='line_1_25' title="bbox 77 3211 1284 3300; baseline 0.002 -22"><span class='ocrx_word' id='word_1_225' title='bbox 77 3221 320 3299; x_wconf 64' lang='grc' dir='ltr'><strong>παραπέμποντος</strong></span> <span class='ocrx_word' id='word_1_226' title='bbox 342 3218 395 3299; x_wconf 87' lang='grc' dir='ltr'><strong>τήν</strong></span> <span class='ocrx_word' id='word_1_227' title='bbox 417 3219 555 3300; x_wconf 87' lang='grc' dir='ltr'><strong>κατοχήν</strong></span> <span class='ocrx_word' id='word_1_228' title='bbox 578 3219 685 3280; x_wconf 86' lang='grc' dir='ltr'><strong>τούτου</strong></span> <span class='ocrx_word' id='word_1_229' title='bbox 707 3219 780 3298; x_wconf 72' lang='grc' dir='ltr'><strong>πρὸς</strong></span> <span class='ocrx_word' id='word_1_230' title='bbox 803 3211 898 3287; x_wconf 78' lang='grc' dir='ltr'><strong>αὐτὰς</strong></span> <span class='ocrx_word' id='word_1_231' title='bbox 920 3217 957 3299; x_wconf 86' lang='grc' dir='ltr'><strong>δή</strong></span> <span class='ocrx_word' id='word_1_232' title='bbox 978 3220 1032 3288; x_wconf 73' lang='grc' dir='ltr'><strong>τὰς</strong></span> <span class='ocrx_word' id='word_1_233' title='bbox 1048 3222 1196 3300; x_wconf 78' lang='grc' dir='ltr'><strong>μοναχὰς,</strong></span> <span class='ocrx_word' id='word_1_234' title='bbox 1220 3215 1284 3300; x_wconf 83' lang='grc' dir='ltr'><strong>μετ’</strong></span> 
     </span>
     <span class='ocr_line' id='line_1_26' title="bbox 80 3327 1284 3419; baseline 0.005 -27"><span class='ocrx_word' id='word_1_235' title='bbox 80 3327 172 3408; x_wconf 82' lang='grc' dir='ltr'><strong>δλίγον</strong></span> <span class='ocrx_word' id='word_1_236' title='bbox 193 3335 228 3396; x_wconf 89' lang='grc' dir='ltr'><strong>δέ</strong></span> <span class='ocrx_word' id='word_1_237' title='bbox 253 3338 307 3397; x_wconf 81' lang='grc' dir='ltr'><strong>καὶ</strong></span> <span class='ocrx_word' id='word_1_238' title='bbox 329 3333 346 3398; x_wconf 81' lang='grc' dir='ltr'><strong>δ</strong></span> <span class='ocrx_word' id='word_1_239' title='bbox 369 3334 531 3419; x_wconf 80' lang='grc' dir='ltr'><strong>Κουνιίλης</strong></span> <span class='ocrx_word' id='word_1_240' title='bbox 547 3334 697 3416; x_wconf 79' lang='grc' dir='ltr'><strong>Γειδργιος</strong></span> <span class='ocrx_word' id='word_1_241' title='bbox 721 3337 856 3408; x_wconf 85' lang='grc' dir='ltr'><strong>έπιστὰς,</strong></span> <span class='ocrx_word' id='word_1_242' title='bbox 880 3335 1036 3398; x_wconf 81' lang='grc' dir='ltr'><strong>ένεπδδισε</strong></span> <span class='ocrx_word' id='word_1_243' title='bbox 1058 3339 1112 3398; x_wconf 84' lang='grc' dir='ltr'><strong>καί</strong></span> <span class='ocrx_word' id='word_1_244' title='bbox 1128 3333 1184 3398; x_wconf 85' lang='grc' dir='ltr'><strong>οὐκ</strong></span> <span class='ocrx_word' id='word_1_245' title='bbox 1200 3335 1284 3400; x_wconf 79' lang='grc' dir='ltr'><strong>εἴασε</strong></span> 
     </span>
     <span class='ocr_line' id='line_1_27' title="bbox 76 3455 1283 3538; baseline 0.003 -26"><span class='ocrx_word' id='word_1_246' title='bbox 76 3460 221 3536; x_wconf 79' lang='grc' dir='ltr'><strong>Ιγραφῆναι</strong></span> <span class='ocrx_word' id='word_1_247' title='bbox 246 3455 299 3538; x_wconf 85' lang='grc' dir='ltr'><strong>τήν</strong></span> <span class='ocrx_word' id='word_1_248' title='bbox 322 3455 495 3537; x_wconf 82' lang='grc' dir='ltr'><strong>διαθήκην,</strong></span> <span class='ocrx_word' id='word_1_249' title='bbox 517 3461 572 3517; x_wconf 87' lang='grc' dir='ltr'><strong>καί</strong></span> <span class='ocrx_word' id='word_1_250' title='bbox 594 3457 719 3538; x_wconf 82' lang='grc' dir='ltr'><strong>τελευτή</strong></span> <span class='ocrx_word' id='word_1_251' title='bbox 742 3459 940 3538; x_wconf 67' lang='grc' dir='ltr'><strong>χρησαμένου</strong></span> <span class='ocrx_word' id='word_1_252' title='bbox 961 3464 1014 3518; x_wconf 78' lang='grc' dir='ltr'><strong>τοῦ</strong></span> <span class='ocrx_word' id='word_1_253' title='bbox 1038 3463 1189 3538; x_wconf 80' lang='grc' dir='ltr'><strong>μοναχου,</strong></span> <span class='ocrx_word' id='word_1_254' title='bbox 1213 3456 1283 3516; x_wconf 89' lang='grc' dir='ltr'><strong>δια-</strong></span> 
     </span>
     <span class='ocr_line' id='line_1_28' title="bbox 79 3569 1283 3657; baseline 0.002 -25"><span class='ocrx_word' id='word_1_255' title='bbox 79 3571 171 3654; x_wconf 85' lang='grc' dir='ltr'><strong>θήκην</strong></span> <span class='ocrx_word' id='word_1_256' title='bbox 192 3569 286 3642; x_wconf 79' lang='grc' dir='ltr'><strong>αὖεὸς</strong></span> <span class='ocrx_word' id='word_1_257' title='bbox 308 3573 346 3656; x_wconf 89' lang='grc' dir='ltr'><strong>δή</strong></span> <span class='ocrx_word' id='word_1_258' title='bbox 375 3570 575 3656; x_wconf 80' lang='grc' dir='ltr'><strong>δΚουνοίλης</strong></span> <span class='ocrx_word' id='word_1_259' title='bbox 604 3575 744 3646; x_wconf 73' lang='grc' dir='ltr'><strong>έξέθετο,</strong></span> <span class='ocrx_word' id='word_1_260' title='bbox 772 3581 824 3635; x_wconf 82' lang='grc' dir='ltr'><strong>τοῦ</strong></span> <span class='ocrx_word' id='word_1_261' title='bbox 850 3573 929 3636; x_wconf 85' lang='grc' dir='ltr'><strong>ὶδίυυ</strong></span> <span class='ocrx_word' id='word_1_262' title='bbox 956 3573 1020 3636; x_wconf 80' lang='grc' dir='ltr'><strong>υἱοῦ</strong></span> <span class='ocrx_word' id='word_1_263' title='bbox 1044 3576 1155 3657; x_wconf 77' lang='grc' dir='ltr'><strong>ταυτην</strong></span> <span class='ocrx_word' id='word_1_264' title='bbox 1185 3573 1283 3656; x_wconf 83' lang='grc' dir='ltr'><strong>έγχα-</strong></span> 
     </span>
     <span class='ocr_line' id='line_1_29' title="bbox 80 3685 1284 3774; baseline 0.002 -25"><span class='ocrx_word' id='word_1_265' title='bbox 80 3689 225 3764; x_wconf 75' lang='grc' dir='ltr'><strong>ρέξαντος,</strong></span> <span class='ocrx_word' id='word_1_266' title='bbox 250 3695 319 3765; x_wconf 91' lang='grc' dir='ltr'><strong>καί,</strong></span> <span class='ocrx_word' id='word_1_267' title='bbox 341 3691 451 3760; x_wconf 70' lang='grc' dir='ltr'><strong>καθὼς</strong></span> <span class='ocrx_word' id='word_1_268' title='bbox 474 3685 564 3760; x_wconf 73' lang='grc' dir='ltr'><strong>αὐτὸς</strong></span> <span class='ocrx_word' id='word_1_269' title='bbox 590 3688 753 3774; x_wconf 85' lang='grc' dir='ltr'><strong>ήρέυκετυ,</strong></span> <span class='ocrx_word' id='word_1_270' title='bbox 780 3695 928 3774; x_wconf 82' lang='grc' dir='ltr'><strong>πεποίηκε</strong></span> <span class='ocrx_word' id='word_1_271' title='bbox 955 3693 1081 3773; x_wconf 79' lang='grc' dir='ltr'><strong>ταύτην,</strong></span> <span class='ocrx_word' id='word_1_272' title='bbox 1107 3694 1160 3752; x_wconf 83' lang='grc' dir='ltr'><strong>καί</strong></span> <span class='ocrx_word' id='word_1_273' title='bbox 1186 3695 1284 3774; x_wconf 88' lang='grc' dir='ltr'><strong>παρέ-</strong></span> 
     </span>
     <span class='ocr_line' id='line_1_30' title="bbox 80 3803 1284 3892; baseline 0.003 -24"><span class='ocrx_word' id='word_1_274' title='bbox 80 3809 166 3886; x_wconf 73' lang='grc' dir='ltr'><strong>Ινμήε</strong></span> <span class='ocrx_word' id='word_1_275' title='bbox 190 3811 245 3870; x_wconf 86' lang='grc' dir='ltr'><strong>καί</strong></span> <span class='ocrx_word' id='word_1_276' title='bbox 271 3805 411 3892; x_wconf 82' lang='grc' dir='ltr'><strong>έπαρήκε</strong></span> <span class='ocrx_word' id='word_1_277' title='bbox 437 3807 467 3869; x_wconf 92' lang='grc' dir='ltr'><strong>δι</strong></span> <span class='ocrx_word' id='word_1_278' title='bbox 504 3803 598 3889; x_wconf 77' lang='grc' dir='ltr'><strong>αὐτῆς</strong></span> <span class='ocrx_word' id='word_1_279' title='bbox 624 3809 657 3870; x_wconf 82' lang='grc' dir='ltr'><strong>εδ</strong></span> <span class='ocrx_word' id='word_1_280' title='bbox 691 3805 850 3890; x_wconf 80' lang='grc' dir='ltr'><strong>μονόδριυν</strong></span> <span class='ocrx_word' id='word_1_281' title='bbox 883 3809 952 3869; x_wconf 81' lang='grc' dir='ltr'><strong>τοδε</strong></span> <span class='ocrx_word' id='word_1_282' title='bbox 979 3810 1062 3888; x_wconf 78' lang='grc' dir='ltr'><strong>παρὰ</strong></span> <span class='ocrx_word' id='word_1_283' title='bbox 1088 3809 1140 3870; x_wconf 84' lang='grc' dir='ltr'><strong>τδν</strong></span> <span class='ocrx_word' id='word_1_284' title='bbox 1168 3811 1284 3872; x_wconf 82' lang='grc' dir='ltr'><strong>σκυπδν</strong></span> 
     </span>
     <span class='ocr_line' id='line_1_31' title="bbox 81 3921 1284 4009; baseline 0.005 -29"><span class='ocrx_word' id='word_1_285' title='bbox 81 3921 125 3980; x_wconf 83' lang='grc' dir='ltr'><strong>καί</strong></span> <span class='ocrx_word' id='word_1_286' title='bbox 143 3923 193 4006; x_wconf 86' lang='grc' dir='ltr'><strong>τήν</strong></span> <span class='ocrx_word' id='word_1_287' title='bbox 215 3925 347 4008; x_wconf 77' lang='grc' dir='ltr'><strong>θέλησιν</strong></span> <span class='ocrx_word' id='word_1_288' title='bbox 370 3935 423 3987; x_wconf 80' lang='grc' dir='ltr'><strong>τοῦ</strong></span> <span class='ocrx_word' id='word_1_289' title='bbox 445 3926 616 4009; x_wconf 87' lang='grc' dir='ltr'><strong>δυμήτυρυς</strong></span> <span class='ocrx_word' id='word_1_290' title='bbox 636 3927 711 4006; x_wconf 81' lang='grc' dir='ltr'><strong>πρὸς</strong></span> <span class='ocrx_word' id='word_1_291' title='bbox 734 3927 768 3986; x_wconf 77' lang='grc' dir='ltr'><strong>τὸ</strong></span> <span class='ocrx_word' id='word_1_292' title='bbox 792 3927 883 4006; x_wconf 88' lang='grc' dir='ltr'><strong>μέρος</strong></span> <span class='ocrx_word' id='word_1_293' title='bbox 905 3931 959 3986; x_wconf 83' lang='grc' dir='ltr'><strong>τοί</strong></span> <span class='ocrx_word' id='word_1_294' title='bbox 981 3927 1189 4008; x_wconf 83' lang='grc' dir='ltr'><strong>περιποθήτου</strong></span> <span class='ocrx_word' id='word_1_295' title='bbox 1205 3945 1284 4006; x_wconf 82' lang='grc' dir='ltr'><strong>συμ-</strong></span> 
     </span>
     <span class='ocr_line' id='line_1_32' title="bbox 80 4034 1284 4132; baseline -0.002 -28"><span class='ocrx_word' id='word_1_296' title='bbox 80 4041 215 4123; x_wconf 68' lang='grc' dir='ltr'><strong>τονθέρου</strong></span> <span class='ocrx_word' id='word_1_297' title='bbox 243 4049 296 4104; x_wconf 80' lang='grc' dir='ltr'><strong>τοῦ</strong></span> <span class='ocrx_word' id='word_1_298' title='bbox 326 4047 490 4124; x_wconf 85' lang='grc' dir='ltr'><strong>κραείαευυ</strong></span> <span class='ocrx_word' id='word_1_299' title='bbox 520 4047 574 4104; x_wconf 92' lang='grc' dir='ltr'><strong>καί</strong></span> <span class='ocrx_word' id='word_1_300' title='bbox 604 4040 693 4118; x_wconf 78' lang='grc' dir='ltr'><strong>ἁγίου</strong></span> <span class='ocrx_word' id='word_1_301' title='bbox 725 4063 783 4124; x_wconf 92' lang='grc' dir='ltr'><strong>μου</strong></span> <span class='ocrx_word' id='word_1_302' title='bbox 816 4034 1041 4132; x_wconf 77' lang='grc' dir='ltr'><strong>αὐτοκράτορος</strong></span> <span class='ocrx_word' id='word_1_303' title='bbox 1074 4051 1126 4106; x_wconf 81' lang='grc' dir='ltr'><strong>τοῦ</strong></span> <span class='ocrx_word' id='word_1_304' title='bbox 1159 4041 1206 4106; x_wconf 77' lang='grc' dir='ltr'><strong>έπί</strong></span> <span class='ocrx_word' id='word_1_305' title='bbox 1231 4050 1284 4104; x_wconf 78' lang='grc' dir='ltr'><strong>τοῦ</strong></span> 
     </span>
     <span class='ocr_line' id='line_1_33' title="bbox 80 4157 1282 4246; baseline 0.005 -30"><span class='ocrx_word' id='word_1_306' title='bbox 80 4159 244 4222; x_wconf 83' lang='grc' dir='ltr'><strong>αονικλιίυυ</strong></span> <span class='ocrx_word' id='word_1_307' title='bbox 266 4157 393 4236; x_wconf 86' lang='grc' dir='ltr'><strong>έκιίνυυ,</strong></span> <span class='ocrx_word' id='word_1_308' title='bbox 416 4158 485 4243; x_wconf 85' lang='grc' dir='ltr'><strong>παρ’</strong></span> <span class='ocrx_word' id='word_1_309' title='bbox 508 4157 544 4224; x_wconf 78' lang='grc' dir='ltr'><strong>οδ</strong></span> <span class='ocrx_word' id='word_1_310' title='bbox 566 4161 604 4244; x_wconf 93' lang='grc' dir='ltr'><strong>δή</strong></span> <span class='ocrx_word' id='word_1_311' title='bbox 627 4164 681 4222; x_wconf 85' lang='grc' dir='ltr'><strong>καί</strong></span> <span class='ocrx_word' id='word_1_312' title='bbox 706 4162 891 4244; x_wconf 75' lang='grc' dir='ltr'><strong>κατεσχέθη</strong></span> <span class='ocrx_word' id='word_1_313' title='bbox 915 4160 1021 4224; x_wconf 81' lang='grc' dir='ltr'><strong>ἔκτοτε</strong></span> <span class='ocrx_word' id='word_1_314' title='bbox 1044 4166 1098 4224; x_wconf 90' lang='grc' dir='ltr'><strong>καί</strong></span> <span class='ocrx_word' id='word_1_315' title='bbox 1125 4159 1282 4246; x_wconf 79' lang='grc' dir='ltr'><strong>ἠμελήθη,</strong></span> 
     </span>
     <span class='ocr_line' id='line_1_34' title="bbox 82 4273 1283 4364; baseline 0.005 -30"><span class='ocrx_word' id='word_1_316' title='bbox 82 4278 125 4336; x_wconf 83' lang='grc' dir='ltr'><strong>καί</strong></span> <span class='ocrx_word' id='word_1_317' title='bbox 144 4281 332 4362; x_wconf 81' lang='grc' dir='ltr'><strong>κατήντησεν</strong></span> <span class='ocrx_word' id='word_1_318' title='bbox 354 4277 397 4347; x_wconf 81' lang='grc' dir='ltr'><strong>τίς</strong></span> <span class='ocrx_word' id='word_1_319' title='bbox 420 4277 571 4362; x_wconf 69' lang='grc' dir='ltr'><strong>ἐρήμωσιν</strong></span> <span class='ocrx_word' id='word_1_320' title='bbox 591 4279 718 4360; x_wconf 84' lang='grc' dir='ltr'><strong>πὀλλήν·</strong></span> <span class='ocrx_word' id='word_1_321' title='bbox 742 4285 838 4338; x_wconf 77' lang='grc' dir='ltr'><strong>ταῦτα</strong></span> <span class='ocrx_word' id='word_1_322' title='bbox 853 4273 872 4361; x_wconf 90' lang='grc' dir='ltr'><strong>ή</strong></span> <span class='ocrx_word' id='word_1_323' title='bbox 889 4277 1032 4364; x_wconf 80' lang='grc' dir='ltr'><strong>τίρημένη</strong></span> <span class='ocrx_word' id='word_1_324' title='bbox 1048 4281 1169 4362; x_wconf 87' lang='grc' dir='ltr'><strong>μοναχή</strong></span> <span class='ocrx_word' id='word_1_325' title='bbox 1185 4278 1283 4354; x_wconf 77' lang='grc' dir='ltr'><strong>Ἀγα-</strong></span> 
     </span>
     <span class='ocr_line' id='line_1_35' title="bbox 82 4367 1283 4481; baseline 0.007 -31"><span class='ocrx_word' id='word_1_326' title='bbox 82 4389 182 4478; x_wconf 88' lang='grc' dir='ltr'><strong>θονίκη</strong></span> <span class='ocrx_word' id='word_1_327' title='bbox 204 4392 399 4469; x_wconf 77' lang='grc' dir='ltr'><strong>ἀνενέγκασα</strong></span> <span class='ocrx_word' id='word_1_328' title='bbox 422 4393 540 4476; x_wconf 71' lang='grc' dir='ltr'><strong>ἐδεήθη</strong></span> <span class='ocrx_word' id='word_1_329' title='bbox 563 4404 617 4478; x_wconf 85' lang='grc' dir='ltr'><strong>τής</strong></span> <span class='ocrx_word' id='word_1_330' title='bbox 638 4391 724 4478; x_wconf 79' lang='grc' dir='ltr'><strong>ήμῶν</strong></span> <span class='ocrx_word' id='word_1_331' title='bbox 740 4398 945 4478; x_wconf 78' lang='grc' dir='ltr'><strong>μετριότητος.</strong></span> <span class='ocrx_word' id='word_1_332' title='bbox 968 4394 987 4481; x_wconf 84' lang='grc' dir='ltr'>ἡ</span> <span class='ocrx_word' id='word_1_333' title='bbox 1012 4389 1170 4480; x_wconf 67' lang='grc' dir='ltr'><strong>μτὲήιοτης</strong></span> <span class='ocrx_word' id='word_1_334' title='bbox 1184 4367 1283 4458; x_wconf 83' lang='grc' dir='ltr'><strong>τοίνυν</strong></span> 
     </span>
     <span class='ocr_line' id='line_1_36' title="bbox 83 4501 1281 4594; baseline 0.004 -24"><span class='ocrx_word' id='word_1_335' title='bbox 83 4501 156 4586; x_wconf 75' lang='grc' dir='ltr'><strong>ἡμῶν</strong></span> <span class='ocrx_word' id='word_1_336' title='bbox 186 4512 246 4575; x_wconf 83' lang='grc' dir='ltr'><strong>δεῖν</strong></span> <span class='ocrx_word' id='word_1_337' title='bbox 280 4509 358 4574; x_wconf 84' lang='grc' dir='ltr'><strong>εἶναι</strong></span> <span class='ocrx_word' id='word_1_338' title='bbox 389 4515 520 4593; x_wconf 76' lang='grc' dir='ltr'><strong>κρίνασα</strong></span> <span class='ocrx_word' id='word_1_339' title='bbox 549 4517 602 4572; x_wconf 84' lang='grc' dir='ltr'><strong>καί</strong></span> <span class='ocrx_word' id='word_1_340' title='bbox 633 4521 685 4574; x_wconf 78' lang='grc' dir='ltr'><strong>τοῦ</strong></span> <span class='ocrx_word' id='word_1_341' title='bbox 720 4517 828 4594; x_wconf 89' lang='grc' dir='ltr'><strong>μέρους</strong></span> <span class='ocrx_word' id='word_1_342' title='bbox 859 4523 912 4576; x_wconf 79' lang='grc' dir='ltr'><strong>τοῦ</strong></span> <span class='ocrx_word' id='word_1_343' title='bbox 946 4515 1075 4578; x_wconf 79' lang='grc' dir='ltr'><strong>έπί·τοῡ</strong></span> <span class='ocrx_word' id='word_1_344' title='bbox 1105 4515 1281 4576; x_wconf 89' lang='grc' dir='ltr'><strong>κανικλείου</strong></span> 
     </span>
    </p>
   </div>
   <div class='ocr_carea' id='block_1_5' title="bbox 0 0 1634 5278">
    <p class='ocr_par' dir='ltr' id='par_1_6' title="bbox 0 0 1634 5278">
     <span class='ocr_line' id='line_1_37' title="bbox 0 0 1634 5278; baseline 0 0"><span class='ocrx_word' id='word_1_345' title='bbox 0 0 1634 5278; x_wconf 95' lang='lat' dir='ltr'><strong> </strong></span> 
     </span>
    </p>
   </div>
  </div>
 </body>
</html>
