3262 5276
292 305 355 370 346

293 497 351 577 γάρ
374 495 443 566 τούς
466 493 575 568 αύτούς
597 496 702 568 θείους
724 499 777 559 καὶ
800 494 898 578 ίιρυύς
920 499 1061 570 κανόνας,
1084 496 1120 580 ήν
1143 495 1179 559 ἂν
1205 494 1347 582 ύβηθεύς
1363 503 1524 582 τιμιώτα-

292 632 344 682 τος
365 613 603 697 καθηγούμενος
626 613 752 696 ίμελλεν
776 610 1006 697 ὑποστήσασθαι
1028 609 1160 697 εύθύνην
1181 618 1236 678 καί
1255 617 1438 700 καταδίκην,
1466 616 1523 677 εἷ-

291 747 346 810 περ
368 726 504 792 ύπωσοῦν
527 727 666 815 ίραίνετο
689 727 893 813 ἁλισκόμενος
917 733 965 793 ἐπὶ
986 743 1048 802 τοίς
1067 734 1288 813 προστριβείσιν
1307 729 1390 818 αύτῷ
1413 755 1524 798 σοτιο-

293 855 444 930 φαντικῶς
467 845 666 932 ἐγκλήμασιν,
690 844 731 918 ἱος
752 847 932 932 δεδήλωται,
954 848 1008 931 τήν
1031 843 1123 932 αύιήν
1138 852 1365 914 ταυτοπάθειαν
1379 853 1522 922 δικαίους

294 963 348 1026 καί
373 975 542 1036 κανονικιῦς
569 963 722 1048 ίπάγομεν
749 966 877 1040 τούτοις,
906 963 1149 1049 ἂνεροθριάστιος
1176 971 1353 1052 χωρήσασιν
1381 968 1427 1040 εἰς
1453 975 1522 1040 τὰς

292 1084 435 1154 τοιαύτας
457 1083 605 1164 διαβολὰς
626 1087 707 1145 κατὰ
729 1091 782 1146 τοῦ
798 1077 948 1167 βηθίντος
968 1087 1148 1167 τιμιωτάτου
1166 1088 1418 1170 καθηγοομίνυο,
1439 1108 1512 1170 παρ

292 1195 381 1263 οὐδὲν
403 1203 547 1284 θεμίνοις
568 1203 619 1264 τόν
641 1209 694 1264 τοῦ
716 1203 794 1264 θεοῦ
816 1202 985 1286 ρόβυνοκαί
1006 1203 1060 1285 τήν
1082 1199 1202 1266 δκτίθιν
1219 1199 1432 1288 ἀγανάκτησιν
1453 1209 1519 1268 καί

292 1322 488 1402 κατάκρισιν·
521 1319 644 1382 ἔσονται
672 1323 769 1382 τοίνυν
795 1314 880 1382 υύτοι
910 1321 944 1383 τὸ
973 1318 1033 1384 οἰπύ
1059 1321 1148 1384 τοῦδε
1181 1319 1427 1407 ἀποτετμημόνοι
1454 1333 1518 1386 τοῦ

291 1435 444 1519 ἱερατικοῦ
466 1439 641 1513 καταλόγου
662 1440 717 1500 καί
738 1445 792 1521 τής
814 1436 976 1522 ἱερωσύνης
999 1435 1162 1522 ἀλλότριοι,
1183 1441 1293 1510 καθιδς
1307 1439 1336 1503 υί
1357 1440 1434 1524 ἱεροί
1448 1462 1519 1504 κα·

294 1557 378 1625 νόνες
400 1554 660 1637 παρακελεύονται
681 1557 710 1632 †.

746 1740 836 1804 oLv.
860 1739 934 1804 Sine
956 1763 1044 1804 anno.

494 1881 611 1935 Μακωεί
629 1882 828 1935 θαίοοίιαεταίεε
846 1883 958 1936 αθίιιναί
977 1883 1127 1937 doctrinam
1149 1883 1293 1954 Δείνιάρπύ.

375 2025 489 2104 ήἘγιύ
511 2025 608 2109 ἱερεύς
630 2023 648 2090 ύ
669 2025 913 2112 Καλοχαιρότης,
936 2025 1000 2091 ἐπεὶ
1020 2029 1192 2112 παρεσύρην
1215 2029 1266 2091 διὰ
1281 2031 1336 2113 τήν
1348 2029 1510 2093 ίδιεετείαν

291 2166 350 2227 μου
371 2148 454 2228 παρὰ
476 2152 529 2206 τοῦ
551 2148 660 2228 μόρους
683 2155 740 2208 τῦν
754 2147 931 2218 κακοδόίων
955 2145 1112 2229 αίρετικιῦν
1128 2146 1359 2222 Ἀκινδυνάτοιν,
1382 2153 1437 2214 καί
1454 2151 1512 2212 διὰ

289 2265 343 2347 τήν
365 2261 514 2348 ἁμαρτίαν
537 2285 595 2346 μου
615 2262 784 2348 ἐσκοτίσθη
806 2269 874 2346 περί
895 2267 929 2328 τύ
951 2275 1014 2350 φῶς
1036 2273 1089 2348 τής
1111 2263 1274 2348 ἀληθείας,
1289 2270 1344 2327 καί
1360 2264 1512 2329 ίντεῦθεν

287 2379 414 2464 ίρθασα
435 2384 490 2443 καί
518 2377 606 2443 οὐδὲν
629 2380 832 2466 ἐμνημόνευον
854 2386 936 2444 κατὰ
957 2383 991 2444 τύ
1014 2385 1115 2465 χρὲον,
1139 2378 1212 2464 ὅπερ
1234 2381 1328 2464 εἶχον,
1353 2391 1406 2445 τοῦ
1426 2403 1506 2446 κοι-

288 2505 342 2559 νοῦ
364 2505 523 2582 ρωστῆρος
544 2501 599 2562 καί
619 2501 783 2583 προμάχυυ
809 2507 862 2582 τῆς
888 2495 1058 2580 εὐσεβείας,
1087 2507 1141 2561 τοῦ
1161 2502 1394 2576 παναγιωτάτοο
1414 2496 1510 2582 ἡμῶν

286 2615 434 2678 δεσπότου
456 2622 511 2679 καί
533 2617 746 2700 υἱκοομενικοῦ
768 2620 965 2701 πατριάρχου,
988 2617 1053 2680 εἶτα
1075 2627 1128 2701 τής
1150 2619 1240 2688 θείας
1262 2623 1316 2680 καί
1331 2617 1413 2700 ἱερᾶς
1428 2639 1510 2680 συν-

288 2733 362 2795 όδου
389 2737 651 2818 συγκροτηθείσης
684 2732 911 2819 ἀπηλίχθησαν
943 2735 971 2798 οἱ
1002 2737 1169 2809 κακόδοξυι
1200 2743 1252 2797 τοῦ
1285 2734 1508 2799 Ἀκινδονιίτου

289 2851 454 2936 ιἰριδήλως,
476 2855 585 2924 καθιδς
607 2851 624 2917 ὁ
646 2853 725 2936 ἱερὸς
747 2856 840 2935 τόμος
865 2857 968 2936 χάριτι
989 2853 1122 2936 Χριστοῦ
1144 2856 1295 2928 θεσπίζει,
1318 2859 1373 2916 καί
1395 2853 1505 2916 ἔκτοτε

288 2967 345 3034 ύαύ
367 2970 433 3054 θεῷ
454 2974 580 3055 μάρτυρι
602 2973 794 3056 μνημονεύω,
816 2973 925 3042 καθὼς
947 2969 1073 3056 ὸρείλιο,
1097 2967 1189 3034 αὐτοῦ
1212 2971 1246 3032 δί
1268 2980 1322 3033 τοῦ
1343 2991 1505 3048 παναγιει-

289 3093 381 3152 τάτοο
404 3084 554 3152 αύθέντου
575 3087 636 3158 καί,
652 3089 799 3152 δεσπότου
821 3097 875 3152 τοῦ
896 3087 1109 3172 υίκουμενικού
1131 3093 1334 3174 πατριάρχου,
1356 3089 1425 3153 ἰδού
1446 3091 1507 3154 καὶ

288 3209 341 3271 δια
361 3209 488 3271 πλείονα
510 3211 562 3292 τήν
584 3207 626 3280 είς
649 3216 736 3271 τοῦτο
759 3208 920 3290 βεβαίωσιν
942 3217 996 3290 τῆς
1012 3206 1166 3292 ἀληθείας
1189 3229 1247 3290 μου
1269 3211 1303 3271 τύ
1324 3211 1420 3291 παρόν
1442 3229 1507 3291 μου

289 3329 416 3410 γράμμα
437 3335 513 3389 ποιοῦ
536 3337 589 3411 τής
611 3321 819 3410 ύπυσχίσεως,
844 3324 910 3400 ἵνα,
934 3327 1041 3396 καθὼς
1062 3322 1082 3409 ἡ
1105 3323 1181 3403 ἁγία
1206 3335 1259 3388 τοῦ
1282 3329 1359 3388 θεοῦ
1381 3325 1505 3410 ἔκκλη-

289 3450 342 3509 σία
363 3449 417 3508 καί
438 3442 455 3507 δ
478 3442 565 3523 ἅγιός
593 3467 652 3528 μου
680 3441 832 3528 αὐθέντης
858 3449 911 3506 καί
933 3444 1095 3527 δεσπότης,
1119 3443 1136 3508 ύ
1158 3443 1368 3527 οὶκυυμενικύς
1389 3465 1505 3526 πατρι-

289 3565 404 3646 άρχης,
431 3562 483 3626 διὰ
508 3571 562 3626 τοῦ
589 3561 670 3646 ίερυῦ
696 3567 790 3646 τόμου
817 3562 998 3626 διδάσκουσι
1030 3565 1186 3648 θεοφιλῶς
1218 3567 1273 3626 καὶ
1299 3564 1503 3648 ψυχωρελός,

291 3685 406 3764 στίργω
432 3685 487 3744 καί
513 3680 573 3760 ίγύ
600 3682 651 3744 διὰ
677 3684 778 3766 πάσης
801 3703 859 3765 μου
885 3691 939 3766 τῆς
966 3685 1044 3764 ίωής
1070 3679 1245 3766 όλυήύχως,
1271 3683 1325 3743 καί
1347 3678 1399 3750 ούς
1421 3676 1503 3765 αύτη

291 3804 424 3882 στέργει,
448 3797 638 3884 ἀσπάζομαι,
658 3801 715 3899 ἰούς
737 3803 772 3864 δὲ
799 3799 1021 3882 ἀπυβάλλεται,
1050 3799 1267 3884 απυβάλλυμαι
1287 3805 1341 3864 καί
1363 3798 1502 3864 ἀποδιώ-

289 3921 410 3979 κακαί
433 3914 653 4002 ἀποτροπαίους
675 3916 819 4003 ἡγοῦμαι,
840 3917 882 3991 ὡς
904 3917 1099 4000 ίτερυδόξυυς
1120 3924 1174 3982 καί
1196 3919 1380 3999 βδελυκτούς
1415 3919 1444 3981 εί
1464 3921 1501 3981 δε

287 4055 375 4109 ποτε,
404 4031 478 4117 ὅπερ
506 4032 540 4098 ού
567 4038 610 4120 μή
635 4057 708 4100 ποτε
733 4041 954 4122 παραχωρήσει
980 4034 996 4100 δ
1023 4038 1112 4112 θεὸς,
1140 4047 1225 4121 ρανῦ
1258 4034 1412 4120 οἰθετητής
1444 4046 1501 4120 τής

290 4149 498 4236 ὑποσχέσεως,
527 4152 562 4217 ού
590 4159 681 4239 μόνον
706 4154 757 4220 ἵνα
784 4153 921 4240 ύπομίνω
948 4159 1130 4237 καθαίρεσιν
1163 4163 1217 4239 τής
1245 4154 1407 4238 ἱερωσύνης
1434 4177 1502 4236 μου,

291 4269 372 4334 ἀλλὰ
404 4277 456 4334 καί
488 4275 736 4358 καταδικάζυμαι
770 4276 969 4359 ἀσυμπαθῦς.
998 4273 1062 4358 εἶχε
1089 4279 1142 4336 καί
1173 4273 1374 4357 οίκειόχειρον
1408 4269 1504 4336 αὐτοῦ

292 4385 467 4476 ύπογραρήν
489 4395 517 4468 †.

373 4511 391 4586 †
428 4507 461 4572 '0
500 4506 687 4594 εύτελής
729 4511 875 4594 ἱερεύς
912 4511 1122 4593 Μανουήλ
1163 4509 1178 4572 ὁ
1217 4510 1503 4591 Καλυχαιρέ-
