3258 5282
1284 305 1348 376 ³⁷9

116 506 196 588 μήτι
218 513 276 566 τῶν
298 500 455 584 Ῥωμαίων
477 502 777 584 κατεξανισταμένων
800 499 997 585 ὁπωσδήποτε
1030 502 1086 561 καί
1106 497 1146 560 δι’
1171 495 1268 582 όχλυυ
1291 516 1340 574 γι-

114 627 251 706 νομίνων
273 631 336 692 τοῖς
350 620 477 704 Ἴβηρσι,
501 622 577 703 μήτι
601 622 660 703 μήν
682 629 740 682 των
755 619 877 703 Ἰβήρων
899 621 1097 700 γυνικότητος
1116 617 1208 695 λόγον
1229 613 1249 700 ή
1272 613 1340 678 ίτί-

116 759 176 822 ρας
209 738 402 822 υίασύήτινος
437 747 572 821 μιτυχής
603 740 752 823 πρόφασιν
789 735 1046 819 πρυβαλλυμίνων
1083 736 1137 796 καί
1168 736 1251 796 κατὰ
1283 743 1342 796 τῶν

49 913 51 916 .
114 855 276 941 Ῥωμαίων
299 858 476 940 χωρούντων
498 860 553 918 καί
575 857 609 918 τύ
632 865 686 942 της
701 865 796 938 μονῆς
816 864 906 939 σῶμα
920 863 1026 924 κακῶς
1040 854 1245 927 διασπώντων,
1269 847 1342 934 ὅπερ

116 972 168 1060 ὑφ’
184 974 228 1038 ύνί
241 977 438 1057 καθηγεμόνι
453 973 616 1057 συντδίύη,
632 972 673 1056 τῷ
686 975 819 1056 δεσπότῃ
831 971 960 1054 Χριστῷ,
975 973 1026 1034 τόν
1042 974 1101 1054 γάρ
1116 971 1157 1053 μή
1174 966 1252 1032 υύτω
1268 970 1342 1050 βου-

118 1094 252 1176 λόμινον
267 1093 386 1168 διάγειν
402 1089 433 1154 όν
456 1087 543 1174 αότη,
561 1089 642 1153 ἀλλὰ
657 1094 813 1173 ταράττειν
827 1095 881 1153 καί
893 1094 1033 1173 συγχίειν
1046 1087 1258 1171 ὲπιχτιρυύντα
1272 1086 1343 1157 τούς

118 1207 153 1272 ὃν
176 1221 214 1292 τή
239 1210 449 1294 διαληρύτίση
484 1219 562 1293 μονη
596 1208 765 1291 μοναχυύς,
793 1206 852 1270 εἴτε
879 1208 917 1290 δή
943 1210 998 1269 καί
1024 1204 1187 1287 Ῥωμαῖον,
1215 1199 1342 1275 &emaut-

118 1327 199 1388 σθαι
220 1333 274 1409 της
295 1334 390 1409 μυνής
410 1330 466 1388 καί
488 1323 721 1389 ἀπυύιιύκεσθαι
743 1321 784 1395 ὥς
806 1328 925 1408 βωριων
946 1324 1099 1407 πρόβατον
1125 1319 1157 1384 όν
1179 1318 1258 1402 άγίτρ
1278 1339 1342 1382 πα-

117 1445 319 1527 ρακελεύεται
340 1447 487 1528 πνεύματι
507 1441 528 1530 ή
552 1447 710 1528 μετριότης
730 1439 826 1527 ἡμῶν,
849 1439 933 1506 ύσύιν
956 1442 997 1526 μή
1014 1441 1136 1524 μεταδῷ
1155 1443 1210 1502 καί
1229 1436 1345 1522 ότίρυις

118 1560 163 1634 ύυς
182 1563 281 1648 λύμης
303 1573 357 1649 τής
389 1565 606 1648 ψυχοβλαβυύς
627 1565 739 1646 ταύτης
760 1566 862 1626 νόσου.
885 1565 939 1624 καί
963 1569 1036 1639 γοῦν
1058 1557 1174 1646 ύριίλει
1192 1560 1342 1641 πραχθῆ-

117 1699 172 1744 ναι
193 1679 392 1763 ἀμεταύίτυς
414 1679 445 1744 ίν
469 1692 506 1766 τη
528 1683 654 1764 τοιαύτη
677 1691 756 1764 μονή
776 1691 846 1752 πάν,
870 1676 943 1742 ὅσον
964 1683 1032 1762 περί
1051 1681 1158 1741 τούτου
1174 1677 1343 1746 συνούικιύς

117 1799 295 1881 διτηνοίσύη
316 1803 370 1860 καί
393 1791 566 1883 ἀπεφάνθη,
589 1802 672 1861 κατὰ
693 1803 751 1881 γὰρ
765 1799 878 1868 παντὸς
892 1805 945 1860 τοῦ
960 1799 1223 1880 παραύησομίνυυ
1239 1793 1343 1858 ὁπωσ-

117 1917 234 1998 δήποτε
257 1915 414 1998 ἀκυρῶσαι
436 1918 490 2000 τήν
505 1917 646 1999 τοιαύτην
661 1916 823 1998 συνούικήν
845 1917 1008 1991 διάγνωσιν
1031 1919 1085 1977 καί
1108 1916 1204 1996 βάρος
1218 1916 1342 1998 ’ρρικά-

119 2033 194 2104 ύους
216 2032 389 2118 ἀρορισμοῦ
412 2033 638 2097 όπανατείνεται
659 2031 679 2117 ἡ
703 2037 863 2117 μετριότης
884 2030 980 2118 ήμῶν.
1004 2041 1100 2096 ταῦτα
1122 2031 1163 2102 ὣς
1186 2030 1217 2095 ἐν
1238 2051 1342 2113 παρα-

118 2156 287 2236 σημτιιύστι
309 2151 369 2215 ἀπὸ
395 2161 448 2215 τού
474 2153 684 2235 παρασχεύίυυ
711 2151 750 2215 ίν
769 2152 812 2235 τῷ
835 2155 962 2235 παρόντι
989 2153 1125 2234 κωδικίιρ
1154 2149 1341 2234 ἐγράφησαν,

120 2258 299 2346 ἐπεγένοντο
322 2271 356 2333 δὲ
379 2266 506 2352 ύσττρον
527 2271 654 2333 πλείονα
675 2271 708 2332 όν
731 2269 775 2352 τηῖ
796 2272 935 2348 γιγυνότι
950 2268 1098 2352 σιγιλλίῳ,
1121 2265 1215 2332 άυύκ
1238 2266 1344 2353 ίρύα-

119 2408 179 2454 σαν
201 2391 332 2471 τιθῆναι
354 2377 491 2450 ἐνταῦθα
512 2391 542 2466 †.

204 2510 224 2583 †
257 2506 364 2590 Εἶχε
395 2510 471 2570 καί
503 2509 563 2570 τύ·
596 2507 671 2570 διὰ
699 2510 855 2591 τιμίας
880 2483 1224 2590 πατριαρχικής
1257 2525 1348 2586 χτι-

118 2627 194 2708 ρύς
220 2624 503 2700 Κάλλιστος,
534 2623 642 2707 neq,
688 2627 797 2693 θεοῦ
830 2621 1203 2708 ἅρχιιπίσκοπος
1234 2623 1346 2688 Κων-

119 2743 566 2813 σταντινουπόλεως.
605 2741 722 2813 Νίας
753 2740 937 2828 Ῥώμης,
976 2746 1052 2805 καί
1081 2740 1345 2826 οὶκουμινι-

117 2863 196 2930 κύς
227 2862 518 2944 πατριάρχης
551 2863 581 2935 †.
645 2853 650 2862 ⁸

551 3045 696 3110 CLXIX.
724 3045 801 3111 Sine
821 3066 910 3110 anno.

117 3185 304 3239 Ραττίαττάαι
314 3172 617 3256 'constantinopolitani
634 3189 751 3257 ορίιιοίσ
765 3188 804 3240 σά
813 3180 1010 3256 ρατιταταύαπυ
1024 3185 1189 3242 Antiochino
1202 3189 1236 3242 άε
1249 3205 1344 3241 ποκα·

612 3308 694 3360 ιίιτίο
708 3305 853 3375 Ηοάιροκ.

205 3453 226 3527 †
266 3449 519 3514 Πιττάκιυν
556 3453 874 3535 ,πατραρχικύν
916 3451 980 3523 εὶς
1020 3453 1093 3514 τόν
1130 3454 1343 3534 πατριάρ-

119 3548 512 3653 χηνἈντιοχείας
545 3572 574 3645 †.

206 3685 410 3764 †‘A‘{w'›tate
431 3690 609 3770 πατριάρχα
631 3689 827 3758 θεουπύλτως
842 3689 982 3772 μεγάλης
996 3685 1188 3770 Ἀντιοχείας
1209 3690 1263 3749 καί
1284 3689 1347 3749 πά·

122 3827 181 3890 σης
202 3803 383 3889 Ἀνατολης,
406 3803 437 3866 ἐν
460 3809 553 3888 κυρίῳ
577 3805 715 3890 ἀγαπητά
739 3805 853 3892 ἀδελρὲ
875 3803 929 3870 καί
951 3807 1162 3888 συλλιιτουργύ
1185 3815 1240 3889 τῆς
1259 3801 1346 3890 ήμῶν
1373 3865 1376 3870 .

123 3927 328 4009 μετριότητος.
350 3928 542 4010 πεποίθαμεν
566 3925 609 3996 τίς
635 3929 724 4002 ύεύν,
756 3923 837 3996 ὅπως
867 3930 923 3989 καί
945 3935 999 4010 τῆς
1022 3935 1198 4010 σωματικῆς
1228 3921 1346 3998 εὐεξίας

123 4042 314 4106 ίπαπυλαύυι
334 4037 355 4125 ἡ
378 4039 533 4128 ἁγιωυόνη
556 4063 622 4118 σου,
646 4047 700 4105 καί
723 4027 793 4127 ίχυι
820 4043 870 4107 ἐπὶ
890 4054 966 4106 πάσι
988 4045 1106 4118 καλῶς,
1130 4042 1174 4114 εὶς
1196 4041 1346 4128 ὢρίλειαν

122 4160 176 4224 καὶ
199 4160 358 4245 ἐπίσκεψιν
380 4163 513 4246 ψυχικήν
528 4169 580 4224 τοῦ
603 4158 649 4225 τίετ’
667 4159 759 4246 αύτήν
775 4133 985 4246 χριστωνύμου
1000 4166 1055 4224 καί
1069 4159 1240 4244 όρύούόξου
1254 4162 1344 4224 λαοῦ.

122 4276 142 4364 ἡ
169 4282 330 4364 μιτριύτης
354 4275 450 4364 ἡμῶν,
477 4280 521 4362 τηῖ
545 4285 629 4364 νόμῳ
655 4291 709 4364 της
734 4291 943 4365 πνευματικῆς
965 4277 1087 4364 ἀγάπης
1110 4283 1343 4364 στυιχειουμίνη

122 4401 176 4461 καί
201 4398 257 4481 τήν
283 4407 338 4482 της
364 4395 534 4481 ἔκκλησίας
560 4403 637 4460 θεοῦ
664 4396 808 4482 ὁμόνοιαν
835 4403 902 4482 περί
927 4399 1071 4462 πλείστου
1098 4395 1148 4461 ἀτί
1168 4400 1346 4480 πυιυυμίνη,

122 4517 276 4588 πολλάκις
297 4517 350 4582 διά
372 4520 558 4600 γραμμάτων
580 4515 674 4602 αύτης
696 4519 749 4602 τήν
772 4517 948 4603 ἀνήκουσαν
963 4522 1017 4581 καί
1033 4515 1343 4604 ὀριιλυβίνηνπροσ-
