3284 5282
298 303 339 368 vl

295 504 348 575 vel
393 501 561 577 Kottno
591 514 665 576 τῶν
697 503 899 578 συνοδικῶν
930 509 1294 604 παρασημειώσεων.
1338 511 1514 582 continent

297 671 375 719 vero
408 645 445 717 hi
471 647 539 718 duo
560 647 692 718 codices
716 689 762 702 -
800 649 920 720 unicae
940 649 1113 743 protocolli
1135 651 1256 746 synodi
1281 653 1512 725 constantino-

296 783 463 878 politanae
493 781 651 876 reliquiae
680 824 726 834 -
755 806 908 877 eaquae
937 796 1014 855 acta
1038 797 1119 855 sunt
1146 786 1181 855 in
1212 786 1276 857 hac
1306 789 1437 882 synodo
1468 788 1512 860 ab

293 942 381 989 anno
398 915 600 987 Mcccxv
617 917 661 988 ad
686 939 816 988 anuum
840 915 1037 990 MCCOCII
1060 919 1278 1015 regnantibus
1308 921 1511 1017 patriarchis

294 1053 421 1123 Ioanne
461 1051 581 1129 ΧΙΙΙ..
622 1051 736 1133 Esaia,
778 1051 905 1124 Ioanne
938 1051 1056 1134 XIV..
1098 1053 1241 1138 Isidoro,
1287 1055 1428 1128 Callisto
1463 1057 1508 1138 l..

292 1187 487 1267 Philotheo,
519 1186 608 1267 Nilo,
638 1187 797 1269 Antonio,
829 1187 993 1270 Macerio,
1021 1187 1160 1260 Callisto
1182 1189 1230 1260 Il.
1259 1203 1294 1260 et
1319 1191 1508 1264 Mattheeo.

393 1363 444 1436 Ut
473 1363 655 1434 benevolus
682 1365 788 1434 lector
810 1364 937 1446 videat,
971 1365 1090 1460 quanti
1116 1367 1282 1436 momenti
1312 1366 1349 1437 hi
1375 1368 1507 1440 codices

291 1501 361 1570 sint
389 1495 433 1570 ad
458 1498 649 1569 accuratius
675 1499 942 1594 cognoscendam
967 1500 1145 1571 historiam
1171 1498 1379 1572 Graecorum
1401 1504 1506 1574 medii

288 1635 371 1716 aevi,
402 1633 502 1704 liceat
530 1633 628 1704 nobis
657 1633 776 1704 afferre
806 1632 902 1704 Petri
927 1633 1101 1704 Lambeoii
1126 1634 1162 1704 in
1185 1636 1441 1708 commentariis
1463 1638 1507 1708 de

288 1769 492 1840 bibliotheca
501 1765 665 1844 Caesarea
674 1766 927 1838 Vindobonensi
936 1766 1033 1838 VIII.
1049 1771 1144 1840 1065
1159 1771 1202 1839 de
1219 1769 1261 1840 iis
1281 1771 1503 1842 sententiam:

293 1903 544 1993 „Continentur
564 1903 606 1972 iis
630 1901 838 1990 (codicibus)
857 1901 951 1972 varia
968 1903 1140 1972 variorum
1167 1905 1507 2001 constantinopolita·
1639 1997 1640 2004 ἵ

289 2026 411 2109 norum
420 2035 888 2131 aliorumquepatriacharum
897 2059 1094 2131 graecorum
1103 2037 1332 2109 recentiorum
1342 2039 1506 2134 synodica

287 2173 420 2268 aliaque
438 2172 634 2268 diplomata,
655 2194 740 2264 quae
758 2195 820 2266 ego
836 2170 872 2240 in
889 2195 1049 2266 praesens
1067 2185 1206 2268 propter
1223 2175 1396 2268 angustias
1413 2187 1504 2245 tem·
1639 2261 1640 2266 Ἰ

286 2307 377 2404 poris
391 2333 460 2377 non
475 2332 615 2402 possum
629 2305 744 2376 debita
756 2305 930 2400 diligentia
943 2305 1024 2376 satis
1037 2321 1193 2377 accurate
1211 2309 1423 2379 considerare
1440 2332 1504 2380 nec

286 2453 425 2539 propter
450 2439 707 2512 multitudinem
734 2465 831 2511 suam
859 2439 1054 2535 singulatim
1079 2464 1266 2520 recensere:
1298 2443 1358 2514 fiet
1384 2456 1502 2515 tamen

286 2578 361 2659 hoc,
392 2577 526 2647 volente
552 2575 636 2657 Deo,
669 2575 761 2654 alias,
793 2599 871 2645 cum
901 2574 988 2645 mihi
1016 2575 1158 2671 posthac
1189 2577 1291 2648 fuerit
1317 2577 1396 2673 plus
1426 2577 1500 2650 otii:

286 2721 368 2782 sunt
393 2713 484 2782 enim
511 2711 661 2806 profecto
685 2709 722 2779 hi
744 2711 812 2780 duo
834 2709 965 2780 codices
990 2709 1104 2804 magni
1126 2711 1292 2781 momenti
1314 2711 1357 2781 ob
1374 2713 1502 2784 multas

285 2837 501 2917 authenticas
531 2857 566 2915 et
595 2843 821 2940 autographas
854 2843 1014 2914 historiae
1049 2845 1293 2916 ecclesiasticae
1328 2847 1501 2918 orientalis

285 2979 445 3062 notitias,
475 3004 561 3074 quas
588 2979 644 3050 rix
673 2979 752 3056 alibi
783 2978 918 3074 uspiam
948 2977 1095 3074 amplius
1130 2980 1271 3076 reperiri
1305 2979 1500 3051 existimo.“

284 3111 419 3193 Quibus
437 3109 606 3186 'addantur
623 3138 677 3194 ea,
706 3136 791 3208 quae
817 3113 860 3182 de
886 3112 1011 3184 nostris
1033 3113 1205 3186 codicibus
1227 3114 1443 3185 disseruntur
1463 3115 1499 3184 in

284 3247 369 3322 libro
386 3249 529 3321 russico:
550 3257 719 3346 lliypuaun
734 3275 920 3344 uaponsaro
935 3256 1184 3343 npocnnrnenin.
1215 3251 1320 3321 teta.
1332 3251 1395 3319 vol.
1407 3247 1499 3319 LIV.

283 3402 402 3475 onam,
428 3383 474 3454 II.
494 3383 707 3462 tat-1643
728 3383 764 3451 in
782 3381 955 3454 SlavIsche
974 3381 1443 3463 Bibliothek1.123-258;
1464 3397 1500 3455 et

284 3521 321 3589 in
346 3519 657 3614 Sitzungsberichte
683 3517 745 3587 der
770 3515 1008 3588 Kaiserlichen
1039 3517 1226 3587 Akademie
1252 3517 1314 3587 der
1335 3515 1499 3589 Wissen-

285 3655 450 3736 sebasten,
469 3651 950 3749 Philosophisch·historische
968 3649 1094 3733 Classe,
1108 3651 1172 3722 vol.
1185 3649 1263 3720 VII.
1278 3653 1495 3738 aaa—teu
1637 3681 1638 3746 ς

284 3791 400 3861 et‘sol.
419 3785 485 3860 IX.
508 3790 719 3862 336-419.
1297 3813 1300 3820 ’
1637 3785 1638 3826 l

386 3965 596 4038 Confidimus
621 3965 708 4035 viros
734 3964 854 4034 talium
877 3987 991 4033 rerum
1017 3961 1145 4058 peritos
1171 3986 1245 4034 esse
1271 3962 1492 4046 confessuros,

282 4101 416 4172 codices
440 4099 503 4170 hos
532 4109 668 4169 nostros
697 4123 764 4169 non
793 4097 888 4192 parvi
918 4121 992 4168 esse
1018 4096 1183 4167 momenti
1209 4121 1277 4168 non
1309 4097 1419 4168 solum
1449 4099 1493 4169 ad

282 4235 470 4308 accuratius
505 4232 747 4328 exquirendam
773 4229 947 4302 historiam
980 4232 1138 4303 ecclesiae
1163 4232 1343 4313 orientalis,
1375 4259 1492 4304 verum

283 4372 385 4442 etiam
411 4371 454 4442 ad
480 4368 696 4446 illustrandas
721 4391 775 4436 res
802 4364 913 4436 civiles
935 4366 1068 4462 imperii
1090 4366 1274 4460 byzantini,
1302 4365 1439 4440 Serbiae
1456 4383 1492 4439 et

278 4503 440 4587 Russiae,
473 4505 516 4576 ad
548 4501 736 4577 accuratius
772 4501 1041 4596 cognoscendum
1069 4500 1124 4572 ius
1152 4523 1489 4595 graeco-romanum,
1628 4517 1636 4554 o
