3262 5276
305 302 368 364 268

305 488 484 566 σόβοολλον,
507 485 552 550 ἀπ’
576 483 675 550 αύτύν
709 488 783 572 ίχον
816 498 873 552 τῶν
906 489 1016 564 λίξτυν
1044 485 1169 552 ούτιισί·
1192 485 1278 564 ,,ίπτί
1304 482 1337 548 αί
1362 485 1445 548 κατά
1471 483 1518 545 τόν
1604 462 1607 602 1

306 607 397 667 τόπον
418 615 472 690 της
485 604 606 689 Μικράς
627 603 756 677 Ῥουσίας
779 609 831 670 τόν
857 605 1097 691 ίπικεκλημίνον
1118 605 1283 672 Βολούνιον
1305 599 1519 686 ιύρισκόμεναι

307 719 476 800 ἀγιιύταται
509 722 686 798 ίπισκοπαὶ,
720 721 740 808 ἥ
773 746 806 787 τε
832 713 1000 802 ramata,
1028 727 1062 788 τό
1087 723 1314 806 Βυλούίμηρον,
1336 723 1371 783 τό
1394 718 1520 802 Χίλμιν,

306 845 340 902 τὸ
364 840 586 923 Ιίερεμίσθλιν,
613 845 647 905 τύ
669 841 841 915 Λουτίικύν
861 846 916 906 καί
937 846 972 907 τό
993 841 1159 924 Τούροβον,
1182 837 1353 914 ύπίκτιντο,
1376 837 1430 922 ἀφ’
1452 833 1522 899 ὅτου

307 960 341 1020 τό
363 969 421 1021 τῶν
444 958 564 1023 Ῥύσιεν
592 959 685 1033 ίθνος
706 961 839 1044 Χριστοῦ
865 966 969 1045 χάριτι
999 963 1053 1046 την
1078 963 1271 1038 θεογνσσίαν
1296 955 1454 1030 ίῦίξαντο,
1481 952 1522 1025 είς

306 1079 360 1158 τὴν
387 1074 560 1162 αἰτιωτάτην
586 1081 771 1163 μητρόπολιν
796 1079 954 1161 Κυγίβοο,
980 1078 1017 1164 ἣν
1043 1079 1141 1142 ῦιίπει
1166 1075 1277 1160 ἀρτίως
1298 1073 1316 1141 ό
1337 1071 1407 1138 κατ’
1430 1063 1525 1156 αὐτήν

306 1193 468 1276 ἱερώτατος
490 1197 730 1281 μητροπολίτης,
758 1194 919 1280 ύτίρτιμος
943 1201 998 1260 καί
1024 1197 1160 1281 ίςαρχος·
1177 1199 1280 1280 πάσης
1300 1192 1447 1268 Ῥοσίας,
1468 1197 1526 1272 κύρ
1610 1176 1611 1210 ³

306 1294 516 1390 ἀτόγνυστος,
544 1313 586 1386 ύς
612 1315 668 1379 καί
693 1313 726 1378 αἱ
747 1325 801 1400 της
822 1315 969 1400 Μεγάλης
995 1314 1125 1387 Ῥσσίας
1150 1313 1320 1393 ἀγιύταται
1349 1309 1526 1384 insumi,
1611 1356 1612 1390 γ

306 1435 388 1494 κατὰ
409 1435 461 1495 τόν
482 1435 541 1516 πρό
569 1431 676 1511 ὀλίγου
701 1435 737 1496 ῦί
762 1439 910 1512 γεγονότα
931 1435 1039 1518 καιρῦν
1061 1443 1116 1518 της
1138 1433 1331 1517 συγχύσεως,
1354 1429 1527 1512 ⁶⁶⁹⁸1>0w

305 1551 357 1611 τόν
379 1559 515 1614 τοιοῦτον
543 1547 680 1635 εύρόντις
700 1554 809 1634 καιρόν
839 1550 927 1615 οἵτε
952 1556 991 1616 τὰ
1018 1560 1072 1635 τῆς
1099 1551 1260 1633 βασιλείας
1285 1551 1456 1631 πράγματα
1476 1546 1526 1608 θι-
1612 1537 1613 1542 ’

306 1675 478 1744 οικοῦντες,
502 1667 583 1732 ἀλλὰ
605 1671 643 1754 ῦη
665 1674 720 1732 καί
742 1667 759 1734 ό
781 1678 836 1754 τῆς
858 1667 1028 1754 ἐκκλησίας
1053 1673 1137 1752 παρὰ
1162 1672 1198 1732 τύ
1224 1668 1308 1739 τίκῦς
1333 1667 1526 1749 προϊστάμε-

306 1805 371 1862 νος,
398 1788 495 1870 μηῦίν
520 1786 626 1872 ύτερον
658 1789 881 1861 σπουδάζοντος
906 1788 926 1875 ἢ
952 1792 987 1852 τό
1014 1793 1069 1860 τάς
1095 1788 1213 1860 οίκείας
1239 1786 1354 1870 ύρίξιις
1378 1785 1526 1869 πληροῦν,

304 1896 433 1972 καίῦιά
455 1911 568 1981 ταύτας
590 1911 643 1994 την
665 1921 724 1973 τῶν
745 1921 856 1974 κοινῶν
877 1915 932 1974 καί
958 1911 1226 1996 ίκκλησιαστικύν
1251 1911 1442 1992 πραγμάτοιν
1463 1921 1526 1968 κα-
1614 1901 1615 1910 ³

303 2027 450 2122 τάστασιν
473 2026 518 2098 είς
542 2025 667 2101 ἀταξίαν
690 2031 973 2111 μετασκευάσαντες
998 2032 1052 2091 καί
1073 2029 1173 2091 πάντα
1196 2027 1309 2133 σχεδόν
1332 2024 1527 2107 ἀνατρίβαν-
1597 2073 1616 2133 Ι,

305 2163 355 2214 τες
376 2142 433 2206 καί
454 2151 642 2229 σογχεαντες
663 2150 718 2208 καί
739 2157 805 2216 ταῖς
830 2155 888 2209 τόν
915 2156 1098 2230 χριστιανῦν
1123 2149 1236 2230 βοχαίς
1261 2165 1294 2206 τε
1319 2147 1376 2206 καί
1403 2145 1529 2226 στόμασι

303 2271 406 2325 τασαν
426 2267 482 2326 καί
502 2269 649 2328 παντοίαν
674 2264 793 2346 βλάβην
819 2265 1059 2348 προξενήσαντις
1083 2261 1139 2326 καί
1167 2267 1280 2347 ζημίαν
1301 2265 1357 2324 καί
1379 2279 1527 2324 καινοτο-
1616 2250 1617 2266 ³

306 2385 378 2464 μίαν
399 2381 460 2444 κάν
482 2383 578 2465 τούτῳ
603 2382 794 2464 ποιούμενοι,
822 2380 1003 2445 ἀνίστασαν
1030 2379 1091 2445 ἀπό
1113 2382 1226 2464 ταύτης
1247 2381 1287 2463 δὴ
1310 2387 1364 2462 τῆς
1388 2377 1527 2456 ἀγαστά·
1617 2428 1618 2442 ,

305 2519 361 2582 της
383 2501 601 2583 μητροπολίτας
621 2499 764 2580 Κυγίβου
785 2503 840 2570 τάς
862 2496 1014 2584 ῥηθείσας
1034 2509 1089 2584 τῆς
1102 2495 1224 2582 Μικρας
1244 2497 1375 2570 Ῥσσίας
1397 2496 1528 2561 ίπισκο·

303 2619 364 2688 τὰς
394 2619 451 2679 καί
464 2623 471 2639 ’
484 2613 541 2680 ύπύ
578 2619 630 2681 τόν
664 2615 811 2700 ἀρχιερία
841 2617 1012 2702 Γαλλίγζης
1042 2613 1246 2691 ύποκιίσθαι,
1282 2617 1528 2700 πρυβιβάσαντες
1618 2611 1619 2618 '

306 2729 398 2796 αύτόν
421 2731 482 2796 ἀπύ
505 2733 674 2798 ίπισκόπου
697 2733 740 2804 είς
763 2735 1029 2818 μητροπολίτην,ῦ
1051 2736 1090 2817 δὴ
1112 2733 1168 2796 καί
1189 2738 1298 2812 γίγονε
1320 2738 1375 2816 μίν
1399 2732 1445 2804 τίς
1467 2753 1527 2796 κα-

304 2851 430 2914 τάλυσιν
452 2859 510 2913 τόν
532 2847 570 2914 ἐκ
590 2851 723 2914 παλαιοῦ
745 2855 968 2933 νενομισμίνων
991 2849 1110 2934 ἐθίμοεν
1135 2851 1179 2922 τίς
1206 2853 1261 2934 την
1287 2851 1434 2933 τοιαύτην
1461 2851 1528 2933 χύ-

307 2989 363 3052 ραν
384 2978 439 3054 τῆς
459 2973 561 3054 πάσης
583 2967 726 3045 Ῥιοσίας,
750 2968 836 3043 ίῦοξε
858 2969 893 3031 ῦί
916 2969 993 3052 βαρύ
1015 2974 1069 3033 καί
1091 2967 1232 3052 ίπαχθίς
1256 2973 1312 3032 καί
1332 2967 1377 3039 είς
1400 2969 1474 3039 τούς
1495 2965 1528 3028 ίν

306 3083 384 3171 αύτη
410 3089 527 3158 πάντας
554 3106 762 3170 χριστιανυος,
789 3087 831 3171 μή
859 3085 1100 3171 ἀνασχομένους
1114 3084 1171 3151 ύπύ
1193 3089 1263 3150 ῦοσί
1288 3087 1530 3170 μητροπολίταις

305 3206 540 3286 ποιμαίνεσθαι,
553 3203 646 3280 γἀλλὰ
668 3205 871 3292 βοολομίνοος
893 3203 1063 3268 ἀσάλευτον
1089 3203 1145 3270 καὶ
1171 3202 1398 3288 ἀμετακίνητον
1426 3207 1531 3286 μίντιτ

306 3324 375 3406 τὴν,
397 3320 435 3405 ἣν
457 3322 543 3405 είχαν
565 3321 601 3385 ίκ
622 3322 757 3392 παλαιοῦ
779 3317 959 3406 συνήθειαν,
982 3322 1024 3395 ὣς
1046 3325 1233 3407 ῦεῦήλιοται,
1256 3326 1311 3386 καί
1330 3326 1434 3385 πάντα
1456 3325 1530 3406 τρό-

304 3459 363 3504 πον
388 3448 548 3512 κινοῦντας
575 3439 619 3512 τίς
645 3441 698 3523 την
725 3449 780 3523 της
808 3443 951 3524 τοιαύτης
978 3445 1179 3523 καινοτομίας
1203 3441 1387 3517 κατάλυσιν,
1416 3442 1531 3510 καθείς

305 3561 361 3620 καί
386 3555 417 3620 ἂν
449 3557 557 3629 ἄλλοις
590 3569 708 3640 καιροῖς
735 3558 928 3642 ίπιχειρηθη
951 3561 1005 3640 μίν
1030 3554 1050 3641 ἡ
1077 3560 1201 3642 τοιαύτη
1226 3561 1412 3642 καινοτομία
1439 3563 1530 3633 γίνε-

306 3679 398 3750 σθαι,
424 3677 585 3760 κατελύθη
613 3677 649 3737 δὲ
676 3679 730 3738 καί
757 3673 909 3760 ἀνετράπη
932 3673 998 3758 ἅμα
1019 3674 1061 3758 τῷ
1081 3681 1256 3754 γεγονίναι,
1279 3677 1320 3759 μη
1344 3674 1531 3760 ἀνασχομί-

303 3811 375 3865 νιυν,
408 3788 451 3866 ὣς
483 3791 617 3876 εἴρηται,
641 3801 709 3856 ,τῶν
743 3789 842 3853 ίκεῑσε
875 3801 1056 3875 χριστιανιῦν
1088 3795 1123 3856 τύ
1150 3801 1292 3856 τοιοῦτον
1314 3787 1415 3854 αύτῦν
1450 3791 1532 3864 ἀθος

305 3907 511 3992 ἀθετηθῆναι.
545 3909 705 3992 ἀνηνίχθη
732 3909 768 3970 ῦί
796 3913 834 3970 τά
861 3908 929 3992 περὶ
954 3911 1060 3972 τούτου
1089 3909 1205 3993 ἀρτίοις
1224 3909 1268 3981 τίς
1290 3911 1345 3994 τὴν
1367 3911 1532 3991 βασιλείαν

304 4047 364 4108 μου
385 4029 470 4107 παρὰ
491 4035 544 4087 τοῦ
567 4024 784 4106 εὐγενεστάτου
807 4029 944 4110 μεγάλου
971 4023 1065 4111 ῥηγύς
1088 4027 1218 4100 Ῥωσίας
1240 4033 1294 4092 καί
1315 4033 1532 4116 περιποθήτου

304 4142 429 4225 ἀνεψιοῦ
451 4153 505 4227 της
528 4147 687 4222 βασιλείας
710 4153 778 4228 μού,
794 4153 852 4228 κύρ
867 4145 1000 4228 Συμεὼν,
1016 4151 1070 4208 καί
1092 4147 1234 4232 ἐζητηθη
1258 4152 1336 4230 μιτά
1357 4151 1530 4234 παρακλη-

304 4283 382 4331 σειυς
409 4257 502 4325 αὐτοῦ
528 4283 561 4324 τε
589 4267 654 4326 καί»
671 4274 730 4324 τῶν
757 4262 857 4330 ἄλλων
882 4263 986 4327 ἀκεῖσε
1015 4260 1133 4347 ῥηγιῦν,
1166 4265 1243 4330 ὥστε
1272 4265 1532 4352 ἀποκαταστῆναι

304 4382 359 4440 καί
380 4376 473 4450 αύθις
495 4382 547 4443 διὰ
562 4383 792 4463 χροσοβουλλου
814 4391 868 4465 της
891 4383 1049 4464 βασιλείας
1070 4405 1128 4466 μου
1151 4389 1206 4458 τίις
1228 4388 1373 4456 τοιαύτας
1397 4383 1529 4450 ἀπισκυ-

304 4498 364 4568 πάς
389 4491 446 4559 ύκά
474 4497 536 4559 τύν·
554 4499 704 4580 ρηθείσαν
731 4495 903 4582 ἀγιστάτην
931 4503 1117 4594 μητρόπολιν
1144 4503 1298 4585 Κογίβου.
1329 4503 1372 4577 ὥς
1406 4509 1463 4569 καί
1494 4509 1530 4569 τύ
