3282 5270
1257 313 1320 378 473

93 502 139 584 τῷ
170 500 373 585 οἷκουμενικηῐ
404 503 579 583 πατριάρχη
602 499 655 562 διά
676 508 734 560 τῶν
760 496 827 560 κατ’
861 497 938 568 ἔθος
964 502 1129 580 γινομένων
1152 498 1183 560 ἐν
1217 495 1319 570 αύτούς

91 626 337 705 σταυροπηγίων,
361 625 415 681 καί
438 620 564 702 μηδαμή
588 619 657 688 τούς
679 629 737 680 τῶν
759 619 876 679 πόλεων
899 618 1124 699 μητροπολίτας
1145 617 1201 680 καὶ
1221 624 1317 699 προί-

89 739 187 820 δροος
221 743 342 822 μνήμην
365 739 448 820 ἔχειν
471 746 524 799 τοῦ
546 735 697 818 δνόματος
721 731 818 798 αύτῶν
841 733 872 796 ἐν
898 745 962 805 ταῖς
985 733 1217 817 ἱεροτελιστίατς
1251 747 1318 806 ταῖς

91 855 127 919 ἐν
163 855 267 928 αὐτοῖς
299 857 397 940 δήπου
430 867 491 926 τοῖς
516 868 600 926 ναοῖς
622 857 676 916 καί
698 865 759 924 τοῖς
785 859 1024 938 φροντιστηρίοις
1047 859 1229 936 γινομίναις.
1263 859 1318 915 καί

91 982 171 1050 γοῦν
206 973 338 1057 ἀρχαίου
370 971 456 1045 ὄντος
479 976 585 1036 τούτου
607 975 644 1056 δή
669 981 720 1034 τοῦ
744 971 840 1065 ἔθους
862 975 915 1033 καί
942 983 1116 1047 κανονικοῦ,
1143 974 1234 1052 δόξαν
1257 971 1318 1056 ήδη

89 1096 152 1154 καί
184 1095 226 1175 τῷ
256 1094 453 1174 περιποθήτω
476 1089 656 1172 αύταδίλφιρ
679 1099 731 1152 τοῦ
753 1094 917 1172 κρατίστου
940 1093 993 1152 καί
1020 1088 1109 1166 άγίου
1133 1112 1190 1172 μου
1224 1087 1318 1152 αύτο-

89 1213 258 1290 κράτορος,
280 1213 551 1294 πανευτυχεστάτιρ
579 1211 712 1290 δεσπότῃ
734 1206 816 1289 κυρηῖ
840 1207 987 1288 Μανουήλ
1002 1207 1042 1290 τῷ
1063 1207 1317 1290 Καντακουζηνιρ,

92 1325 127 1387 ἐν
152 1325 231 1410 άγίιρ
254 1329 400 1410 πνεύματι
421 1325 609 1412 ἠγαπημένῳ
631 1331 684 1389 καί
706 1330 915 1407 ποθεινοτάτην
938 1327 992 1410 υἱῲ
1013 1336 1066 1408 τής
1086 1325 1171 1409 ἡμῶν
1194 1330 1319 1410 μετριό·

93 1467 200 1526 τητος,
225 1444 261 1507 ὲκ
285 1449 411 1527 βάθρων
446 1444 598 1527 ἀνεγεῖραι
630 1449 715 1508 θεῖον
748 1444 802 1506 καὶ
826 1447 975 1524 σεβαστόν
997 1449 1070 1506 ναόν
1105 1443 1135 1506 ἀν
1168 1457 1205 1528 τη
1238 1451 1320 1507 κατά

93 1563 152 1644 τήν
175 1561 410 1645 Πελοπόννησον
433 1561 588 1644 ἁγιωτάτη
613 1565 795 1646 μητροπόλει
818 1562 1068 1644 Λακεδαιμονίας
1090 1568 1156 1644 περί
1178 1565 1232 1646 τήν
1256 1561 1321 1626 ἐκεῖ

91 1681 185 1744 πόλιν
217 1683 271 1764 τήν
293 1680 475 1763 Μιζηθρᾶν,
499 1679 540 1750 εὶς
564 1679 662 1762 όνομα
684 1685 850 1762 τιμιύμενον
874 1689 926 1741 τοῦ
949 1686 1054 1762 κυρίου
1075 1685 1129 1742 καί
1157 1685 1233 1743 θεοῦ
1266 1687 1320 1743 καί

93 1809 234 1886 σωτῆρος
256 1796 342 1882 ήμῶν
364 1799 464 1883 Ἰησοῦ
479 1799 622 1875 Χριστοῦ,
645 1808 698 1864 τού
715 1801 876 1874 ζωοδότου,
902 1799 1007 1860 ἔπειτα
1028 1810 1134 1861 τοῦτον
1157 1797 1318 1862 ἀποκατα-

94 1928 209 2001 στήσαι
232 1922 286 1980 καί
309 1917 352 1988 είς
375 1916 493 1998 ἀνδρῶν
517 1917 685 1999 μονόδριον,
710 1921 749 2000 μή
774 1923 877 2000 μέντοι
903 1913 1088 1980 ὑποκεῖσθαι
1121 1929 1157 2001 τή
1181 1911 1336 2002 ρηθείση

92 2033 251 2116 ἁγιωτάτῃ
269 2036 453 2116 μητροπόλει
467 2035 726 2117 Λακεδαιμονίας,
744 2035 811 2098 ἀλλ’
828 2036 904 2098 εἶναι
918 2039 1151 2121 πατριαρχικόν,
1167 2035 1221 2096 καί
1238 2057 1316 2120 μνη-

96 2154 288 2234 μονεύεσθαι
320 2155 371 2213 τόν
402 2157 483 2214 κατὰ
509 2133 616 2234 καιρόν
652 2155 721 2222 πούς
747 2162 801 2236 τῆς
828 2152 997 2236 ἐκκλησίας
1031 2153 1140 2222 οἴακας
1172 2152 1318 2215 ἰθύνοντα

94 2268 310 2353 ολκοομενικόν
331 2275 532 2354 πατριάρχην,
556 2273 681 2367 διδόναι,
696 2293 727 2333 τε
755 2269 883 2355 ἐτησίως
915 2275 969 2333 καί
993 2274 1067 2353 πρός
1093 2273 1144 2332 τόν
1176 2271 1318 2333 διέποντα

92 2393 133 2449 τά
155 2393 236 2451 κατὰ
258 2391 312 2471 τήν
336 2388 568 2474 Πελοπόννησον
594 2369 801 2473 πατριαρχικά
837 2391 986 2473 ὲξαρχικόι
1019 2391 1125 2451 δίκαια
1157 2385 1231 2471 ὑπὲρ
1264 2399 1317 2452 τοῦ

96 2509 252 2589 συνήθους
274 2515 440 2568 κανονικοῦ
463 2508 637 2592 ρλωρίννου,
660 2507 829 2571 κάντεῦθεν
853 2507 960 2591 ἐδέησε
983 2510 1132 2590 προβῆναι
1155 2505 1203 2570 ἐπί
1228 2517 1316 2573 τοῦτο
1410 2525 1413 2531 ·

94 2625 224 2706 γράμμα
247 2623 440 2699 οιγιλλιιῦδες
463 2634 516 2706 τής
537 2622 622 2706 ήμῶν
657 2628 852 2708 μετριότητος
878 2637 939 2694 τοῖς
974 2623 1208 2706 ὲνασκουμένοις
1240 2625 1318 2708 τῷδε

95 2742 139 2823 τῷ
160 2743 320 2823 μονυδρίιρ,
344 2737 421 2802 ύστε
445 2739 521 2804 εἶναι
537 2751 625 2805 τοῦτο
641 2748 723 2806 κατὰ
746 2746 779 2804 τό
803 2743 942 2826 διηνεκὲς
962 2741 1004 2812 εὶς
1020 2743 1090 2812 τούς
1105 2743 1173 2826 ἑξής
1189 2747 1318 2826 χρόνους

98 2861 338 2944 πατριαρχικόν·
371 2855 391 2941 ή
420 2864 578 2942 μετριότης
603 2857 689 2944 ήμῶν
723 2859 900 2923 ἀπολύουσα
933 2863 966 2922 τό
999 2864 1095 2941 παρόν
1130 2863 1320 2937 σιγιλλιόιδες

96 2983 225 3062 γράμμα
246 2977 489 3060 παρακελεύεται
511 2977 542 3040 ἐν
566 2977 643 3061 άγίιρ
665 2983 820 3060 πνεύματι,
845 2979 921 3040 εἶναι
936 2985 989 3041 καί
1006 2976 1206 3060 εὑρίσκεσθαι
1228 2991 1317 3043 τοῦτο

94 3096 135 3178 δή
158 3097 193 3158 τό
217 3096 376 3178 μονύδριον
398 3092 473 3157 καθ’
496 3093 597 3170 ἑαυτό,
620 3095 662 3166 ὣς
683 3098 914 3177 πατριαρχικόν,
938 3099 1019 3156 κατὰ
1035 3097 1087 3177 τήν
1103 3099 1248 3179 βούλησιν
1265 3105 1316 3159 τοῦ

91 3218 376 3298 πανευτοχεστάτου
395 3213 553 3290 δεσπότου,
577 3218 630 3276 καί
647 3216 795 3297 μηδαμῶς
812 3213 895 3295 ἔχειν
910 3209 1044 3294 ήντινουν
1062 3211 1219 3294 ἀνάκρισιν
1233 3217 1317 3298 παρὰ

94 3345 153 3396 τῶν
186 3335 268 3396 κατὰ
290 3331 417 3412 καιρούς
438 3333 629 3413 προεδρεύειν
652 3335 810 3413 λαχόντων
833 3340 886 3412 τῆς
909 3327 1081 3413 ἁγιωτάτης
1108 3332 1219 3414 ταύτης
1252 3353 1315 3414 μη-

81 3452 266 3532 τροπόλεως
287 3447 552 3531 Λακεδαιμονίοις,
587 3455 663 3534 μήτε
697 3451 756 3532 μήν
790 3469 855 3509 τινα
878 3456 1022 3516 τῶντού
1055 3449 1172 3532 κλήρου
1206 3452 1333 3532 ταύτης’

94 3567 295 3650 εὶσίρχεσθαι
318 3565 360 3636 εἰς
384 3561 457 3628 αύτό
480 3572 534 3630 καί
557 3567 692 3630 ἀπαιτεῖν
715 3566 808 3628 οἴακα
830 3563 850 3648 ή
873 3585 956 3634 τινας
979 3563 1157 3648 ἀπαιτήσεις
1180 3565 1232 3626 καὶ
1258 3569 1316 3646 ζη-

94 3693 182 3768 μιοῦν
205 3679 290 3756 αύτύ,
313 3679 348 3744 ού
372 3683 430 3766 μήν
453 3681 522 3745 ἀλλ’
543 3679 615 3746 ούδὲ
638 3683 707 3752 τούς
729 3684 888 3753 διέποντας
911 3687 949 3744 τά
975 3681 1006 3742 ἐν
1029 3693 1066 3765 πή
1089 3681 1313 3763 Πελοποννήσῳ

92 3802 301 3882 πατριαρχικόι
334 3777 486 3882 ὲξαρχικά
518 3801 626 3862 δίκαια
648 3811 741 3861 ποιεῖν
763 3801 941 3882 καταμυνήν
969 3798 1082 3861 ἑαυτῶν
1111 3795 1142 3858 ὲν
1164 3796 1242 3879 τῷδε
1275 3797 1317 3880 τῷ

94 3919 243 4000 μονυδρίω
275 3921 330 3980 καί
361 3923 556 4001 κατατρίβειν
590 3915 715 3991 αύτόθι,
750 3919 831 3980 ἀλλὰ
854 3927 942 3980 τοῦτο
967 3921 1057 3998 μόνον
1081 3917 1265 3997 λαμβάνειν
1283 3915 1316 3988 ἐξ

95 4033 187 4099 αύτοῦ
209 4038 244 4098 τό
267 4033 401 4098 ἐπέτειον
423 4039 595 4110 κανονικὸν,
619 4039 653 4098 τό
668 4034 701 4098 δν
716 4037 858 4119 δηλονότι
873 4038 993 4120 ρλωρίν,
1010 4032 1213 4118 όρειλομίνως
1229 4033 1314 4114 ἀνερ-

92 4157 240 4236 γοομίνου
262 4157 316 4216 καί
339 4153 561 4235 ἀποδιδομένου
584 4162 637 4216 τοῦ
658 4161 881 4237 πατριαρχικοῦ
899 4153 1092 4234 μνημοσύνου
1116 4149 1146 4212 ἐν
1170 4151 1213 4232 τηῐ
1235 4146 1316 4232 αύτῷ

95 4272 252 4355 μονυδρίιρ,
280 4274 334 4342 τάς
357 4291 391 4348 γε
415 4273 473 4355 μήν
495 4273 678 4353 διορθώσεις
701 4283 759 4334 τῶν
782 4276 919 4354 ψυχικῶν
943 4269 1129 4351 σφαλμάτων
1151 4273 1273 4330 ποιείτω
1297 4265 1314 4332 ό

95 4385 308 4472 εὑρισκόμενος
329 4393 411 4451 κατὰ
429 4391 556 4471 καιρούς
573 4390 712 4472 ἔξαρχος,
735 4393 789 4450 καί
812 4388 1011 4469 διορθούσθω
1032 4395 1213 4460 κανονικῶς,
1235 4386 1314 4467 πλήν

96 4507 134 4588 μή
167 4507 250 4590 λάβῃ
274 4529 302 4570 τι
336 4505 395 4570 ἀπό
419 4515 472 4590 τής
495 4509 637 4592 τοιαύτης
659 4505 850 4590 ἀνακρίσεως
877 4507 961 4588 οχιδν
993 4508 1190 4588 προχωρείτω
1213 4502 1255 4572 εἰς
1277 4506 1311 4565 τό
