3284 5282
284 315 324 384 ⁷0

280 507 335 566 καί
356 511 410 586 της
426 500 600 587 ἁρχιερεόσι
614 503 722 588 λοιπῆς
737 504 942 586 κοσμιότητος
956 503 1138 586 πρεπούσης,
1155 501 1379 586 μητροπολίτην
1394 499 1499 584 Ἀμα-

283 627 368 693 σείας
387 625 656 705 προχειρισάμενοι
675 624 895 703 πεποιήκαμεν.
919 617 983 683 όπιί
997 621 1032 682 δύ
1048 623 1082 684 τό
1098 639 1133 695 γι
1147 627 1198 682 νόν
1213 618 1290 682 εἶναι
1307 620 1500 702 παραβαλεῖν

283 739 383 804 ἁκείσε
407 745 462 804 καί
483 739 521 803 δι’
544 738 654 803 ἁαοτού
676 743 714 804 τὰ
736 741 809 823 τῇδε
836 749 1047 822 πνευματικός
1075 737 1316 802 λπισπύπτεσθαι
1341 735 1398 802 ούκ
1425 737 1499 820 ἁνην

281 863 377 945 τούτῳ
399 862 437 944 δὴ
460 860 503 941 τῷ
526 863 580 944 την
597 864 788 944 χειροτονίαν
808 857 878 941 παρ’
900 855 986 944 ἡμῶν
1008 859 1163 940 δεξαμόνιρ
1184 858 1237 920 διὰ
1258 859 1312 941 την
1335 856 1499 942 εἰρημένην

282 990 340 1044 τῶν
362 977 481 1060 ἁσεβιύν
504 987 556 1041 τού
579 982 672 1041 τότοο
693 979 892 1062 καταδρομὴν
919 981 973 1040 καί
995 977 1143 1053 όπίθεσιν,
1169 975 1271 1061 δτερόν
1298 997 1365 1040 τινα
1385 979 1498 1059 τρόπον

283 1096 355 1162 οόδύ
377 1107 484 1161 τούτων
507 1097 667 1180 οἰσοντελῆ,
691 1094 759 1160 ἁλλ’
783 1093 865 1180 αὐτῷ
889 1120 921 1161 τε
943 1102 998 1160 καί
1019 1108 1057 1182 τη
1084 1095 1193 1160 ἑαυτοῦ
1217 1101 1330 1180 ποίμνη
1352 1097 1499 1178 λοσιτελή

279 1217 313 1288 ἐς
334 1221 372 1280 τὰ
395 1217 529 1300 μάλιστα
551 1218 604 1299 τήν
626 1218 819 1298 προμήθειαν
840 1221 1047 1301 πεποιήμεθα.
1070 1224 1230 1299 τοιγαροῦν
1251 1221 1306 1278 καί
1319 1219 1425 1298 γνιύμη
1440 1220 1500 1277 καί

281 1337 412 1419 θελήσει
432 1335 573 1420 θεοφιλεῖ
593 1339 646 1396 καί
668 1334 786 1418 σποοδη
807 1343 861 1397 τού
882 1337 1092 1420 περιποθήτου
1115 1333 1240 1418 ἁνεψιού
1263 1342 1316 1396 τού
1331 1337 1499 1416 αρατίστσο

281 1457 335 1516 καί
356 1451 447 1530 ἁγίοο
462 1475 521 1536 μοο
543 1449 779 1536 αὐτοκράτορος,
803 1455 1022 1518 ποθεινοτάτοο
1037 1454 1102 1517 οἱοῦ
1117 1463 1172 1538 τῆς
1186 1449 1272 1538 ἡμῶν
1287 1455 1497 1538 μετριότητος,

278 1569 430 1636 αόθίντοο
445 1580 499 1655 τῆς
514 1569 751 1653 Τραπεζοῦντος,
775 1580 828 1634 τού
845 1574 982 1655 μεγάλου
1003 1573 1179 1657 Κομνηνού,
1201 1574 1255 1656 την
1270 1571 1302 1635 όν
1316 1581 1354 1657 ιη
1369 1573 1498 1655 τοιαύτη

278 1695 368 1774 χάρη
394 1685 487 1752 αότοό
519 1688 687 1772 ότισκοπην
719 1701 776 1752 των
798 1689 948 1772 Λιμνίων,
979 1689 1074 1754 οὖσαν
1105 1695 1158 1774 μίν
1189 1687 1246 1753 ὑπὸ
1272 1691 1326 1773 την
1351 1692 1497 1774 τοιαύτην

280 1810 468 1892 μητρόπολιν
493 1807 674 1890 Ἀμασείας,
700 1809 849 1871 τελοῦσαν
874 1809 909 1870 δύ
935 1807 967 1870 δν
994 1811 1134 1892 στερήσει
1165 1807 1332 1892 ἀρχιερέως
1362 1811 1417 1868 καί
1443 1808 1498 1869 διὰ

279 1935 368 1990 τούτο
393 1931 448 1988 καί
474 1933 528 1988 τοό
556 1921 604 1988 ὑπ’
632 1921 726 2009 πότην
751 1929 961 2009 χριστιινύμοο
986 1928 1064 1990 λαοῦ
1095 1935 1149 2010 της
1177 1925 1318 1989 όντεύθεν
1345 1923 1497 2012 ἁρελείας

279 2041 493 2127 όστερημάνοο,
509 2043 551 2124 τῷ
568 2044 623 2126 την
637 2049 829 2127 χειροτονίαν
852 2045 1007 2127 δεεαμόνιρ
1028 2053 1083 2129 τῆς
1097 2041 1281 2127 Ἀμασείας,
1304 2041 1346 2114 ὃς
1367 2043 1497 2126 εἴρηται,

279 2163 495 2246 ἰκδεδύκαμύν
518 2169 550 2225 τε
572 2167 628 2224 καί
650 2161 854 2247 ἐπιτρίψωμεν
877 2165 929 2226 διά
951 2185 984 2226 τε
1005 2166 1040 2226 τό
1062 2167 1160 2246 πάντη
1183 2159 1285 2234 Ιἐνδούς
1312 2172 1373 2246 της,
1388 2165 1496 2224 τοιαύ-

278 2301 333 2365 της
360 2281 576 2364 μητροπόλεως
601 2280 772 2363 Ἀμασείας
797 2286 852 2342 καί
878 2283 913 2344 τύ
935 2289 989 2344 τού
1015 2283 1227 2364 κατάρχοντος
1255 2280 1366 2350 όθνοος
1394 2277 1497 2342 όκείσε

276 2401 410 2482 μάλιστα
431 2401 690 2483 δοσπαράδετιτον,
705 2398 783 2463 ὥστε
805 2403 972 2485 καθῆσθαι
994 2405 1050 2483 μίν
1065 2405 1119 2462 καί
1141 2401 1259 2477 διάγιιν
1281 2403 1333 2462 τόν
1356 2407 1495 2462 τοιοῦτον

276 2515 439 2600 ἱεριύτατον
461 2521 683 2602 μητροπολίτην
706 2517 737 2580 ἰν
760 2515 837 2602 αὔτη
860 2529 898 2602 τῇ
920 2529 978 2581 των
992 2517 1128 2600 ’Λιμνόων
1151 2515 1308 2601 ἁγιωτάτῃ
1330 2517 1497 2601 ἐπισκοπῇ,

277 2639 328 2698 τόν
354 2657 387 2698 τε
417 2633 517 2698 ὲκείσε
546 2639 756 2721 χριστιανικόν
785 2639 861 2698 λαύν
893 2635 1119 2720 άρχιερατικιός
1145 2641 1317 2719 ποιμαίνειν
1339 2638 1394 2702 καί
1419 2635 1496 2716 βελ·

276 2762 367 2828 τιούν,
390 2757 428 2817 τὰ
449 2757 525 2837 πρύς
548 2761 699 2838 σωτηρίαν
722 2757 939 2840 εἰσηγούμενον
966 2761 1020 2819 καί
1045 2758 1243 2830 διδάσκοντα,
1271 2755 1438 2838 ίεροοργείν
1460 2777 1496 2818 τε

275 2870 307 2934 δν
330 2869 418 2957 αότη,
441 2873 513 2936 άντο
534 2884 588 2958 της
607 2883 660 2937 τού
682 2874 765 2958 ίιρού
788 2879 958 2958 σονύρόνοο
973 2875 1238 2961 λγκαθιδρύσεως,
1260 2881 1316 2940 καί
1329 2877 1495 2946 διακόνοος

275 2991 470 3072 προβιβάίειν
492 2997 546 3055 καὶ
566 2995 788 3076 αρεσβοτίροος
809 2999 863 3057 καί
884 2998 983 3058 πάντα
1003 2993 1103 3057 τὰλλα
1120 2998 1272 3076 πράττειν,
1294 2991 1356 3058 ὅσα
1376 2998 1431 3056 καί
1450 2994 1496 3075 τῷ

276 3115 392 3192 γνησίιρ
420 3107 559 3192 ἁρχιερεί
585 3111 704 3173 δίδοται
730 3117 784 3173 καί
810 3117 979 3196 νομίζεται,
1013 3114 1208 3198 ἀπάρχεσθαι
1230 3115 1275 3188 δὲ,
1298 3109 1350 3176 ὅτε
1377 3111 1494 3186 ἔξεστιν

276 3225 358 3310 αύτῷ
382 3234 436 3291 καί
458 3231 581 3292 δίδωσιν
604 3229 620 3294 ὁ
635 3233 755 3312 καιρός,
770 3236 825 3294 καί
839 3233 882 3304 είς
897 3237 951 3317 την
966 3233 1146 3316 Ἀμασείαν,
1162 3238 1216 3296 καί
1231 3237 1403 3317 ποιμαίνειν
1419 3235 1491 3305 τούς

274 3344 306 3408 ἐν
329 3344 407 3431 αότῇ
422 3351 477 3410 τόν
495 3345 601 3430 ὅμοιον
623 3353 734 3430 τρόπον
756 3355 811 3413 καί
826 3355 924 3414 πάντα
938 3355 1081 3416 καθόλοο
1095 3356 1246 3434 πράττειν,
1262 3349 1323 3415 ὅσα
1337 3365 1399 3423 τοις
1415 3371 1493 3435 γνη-

274 3469 352 3536 σίοις
380 3467 618 3548 μητροπολίταις
651 3466 680 3530 οί
707 3471 788 3531 θεῖοι
820 3475 874 3532 καί
901 3471 978 3552 ἱεροί
1003 3475 1132 3541 κανόνες
1159 3469 1340 3533 ενδιδόασιν.
1363 3473 1493 3544 καδόξει
1526 3509 1531 3516 -

273 3587 371 3644 τοίνυν
387 3580 404 3644 ό
420 3579 511 3654 αὐτός
527 3582 688 3666 ἱερώτατος
705 3589 930 3671 μητροπολίτης
940 3585 1110 3672 Ἀμασείας
1126 3591 1180 3672 τὴν
1194 3591 1337 3672 τοιαύτην
1353 3583 1492 3664 ἁγιωτά-

272 3721 327 3783 την
350 3699 518 3785 όπισκοπὴν
544 3713 603 3765 τῶν
625 3703 760 3786 Λιμνίων
782 3709 837 3766 καί
862 3709 960 3769 πάντα
992 3713 1030 3770 τὰ
1060 3705 1107 3770 ὑπ’
1134 3704 1242 3791 αὐτὴν,
1275 3711 1330 3769 καί
1357 3703 1418 3779 δίει
1445 3705 1492 3770 ἐπ’

274 3818 390 3894 ἁδείας,
407 3815 508 3903 ὥσπερ
531 3821 658 3906 εἴρηται,
675 3822 885 3906 ἱεροπρακτείν
907 3823 939 3903 δν
962 3824 1049 3910 αὐτῇ,
1072 3825 1150 3890 ὥστε
1166 3831 1220 3890 καὶ
1235 3827 1397 3898 διακόνοος
1411 3843 1491 3909 προ-

273 3939 409 4018 βιβάίειν
440 3943 495 3999 καί
524 3943 760 4024 πρεσβυτέροις,
794 3943 838 4022 ἔτι
865 3963 900 4020 γε
928 3947 986 4028 μὴν
1014 3943 1056 4016 ὣς
1082 3946 1210 4008 δύνατόν
1244 3950 1299 4006 καί
1325 3949 1364 4006 τὰ
1392 3943 1424 4006 δν
1451 3957 1490 4029 τη

271 4051 428 4139 ἁγιωτάτῃ
451 4059 637 4139 μητροπόλει
649 4059 817 4143 ’Λμασείας
838 4063 1057 4144 προσκαθίξει,
1081 4061 1122 4134 ἁες
1137 4065 1261 4147 γνήσιος
1277 4071 1331 4146 τῆς
1345 4064 1491 4146 τοιαύτης

273 4171 447 4258 ἁγιωτάτης
468 4173 638 4258 ύκκλησίας
661 4177 832 4261 ἀρχιερεύς,
855 4177 930 4242 ὅθεν
952 4184 1006 4242 καί
1033 4179 1204 4263 όφείλοοσιν
1233 4178 1266 4241 οἵ
1290 4201 1323 4242 τε
1343 4181 1491 4265 κληρικοί

273 4302 326 4375 της
351 4294 548 4378 δηλωθείσης
578 4293 750 4380 ἁγιωτάτης
782 4301 997 4382 μητροπόλεως
1024 4297 1208 4381 Ἀμασείας,
1242 4297 1275 4360 οἵ
1302 4321 1334 4362 τε
1360 4309 1415 4382 τῆς
1440 4297 1489 4364 ὑπ’

273 4407 367 4495 πότην
389 4409 561 4499 ἁγιωτάτης
583 4413 751 4500 ίπισκοπῆς
773 4429 831 4480 τιδν
853 4417 987 4500 Λιμνίων
1009 4422 1063 4479 καί
1085 4415 1115 4478 οἱ
1136 4413 1193 4480 ἁπύ
1208 4421 1263 4489 τὰς
1278 4416 1399 4501 ἰνορίας
1414 4421 1488 4480 τού-

274 4549 330 4593 των
353 4533 518 4610 τελοόντες;
539 4533 697 4617 ἱερωμύνοι
719 4557 751 4598 τε
773 4542 825 4599 καί
849 4541 1031 4617 μονάζοντες
1057 4539 1111 4599 καί
1133 4539 1167 4600 τύ
1189 4537 1294 4600 λοιπόν
1316 4541 1488 4622 χριστόνιι-
