3262 5276
1297 285 1359 366 ιοε

127 465 205 533 ὅσον
228 467 266 532 ἂν
287 479 375 554 ιρανηΔ
392 467 539 558 ἁρμόδιον
561 471 785 554 καίαροσηαον
807 480 987 546 κανονικιῖις,
1011 469 1115 555 ἐπειδη
1132 467 1227 543 ούτως
1250 473 1358 549 διέγνω

128 592 285 674 γενέσθαι
302 593 358 652 κιαί
379 587 396 652 θ
419 593 650 666 παναγιύτατύς
673 611 732 673 μοο
753 590 916 673 δεσπότης,
940 587 957 652 δ
980 589 1192 672 οίκοομενικύς
1211 595 1359 673 πατριοίρ-

129 727 203 791 χης,
227 711 305 791 μετὰ
328 718 381 792 τῆς
401 710 470 790 περί
491 703 583 770 αὐτὸν
605 710 697 780 θείας
717 711 773 770 καί
788 707 872 790 ἱερᾶς
895 709 1034 783 οονύδοο,
1058 709 1102 780 τίς
1124 729 1157 771 τε
1179 711 1214 771 τύ
1238 711 1360 771 ἀποκα-

129 835 282 910 ταστῆναι
303 831 358 889 καί
380 823 472 898 αὖθις
494 831 550 896 τὰς
572 825 734 910 εἰρημένας
758 823 931 904 ἁγιωτάτας
955 827 1124 897 ἐπισκοπύις
1147 825 1204 890 Iar)
1227 831 1281 909 τῆν
1300 828 1362 910 σῆν

129 943 307 1030 ἁγιωτάτην
329 945 515 1030 μητρόπολιν
538 950 593 1008 καί
615 945 659 1017 είς
682 947 716 1008 τύ
739 947 978 1030 προσκληθῆναι
1000 949 1050 1010 τύν
1074 942 1167 1008 αύτύν
1189 946 1362 1029 Γαλλίτίης

129 1061 330 1150 ἀποδοθῆναι
351 1067 460 1156 λύγον,
487 1061 561 1148 ύπέρ
584 1063 625 1128 ὧν
648 1063 834 1142 ἐγκαλεῖται.
859 1066 887 1128 εἰ
908 1065 935 1128 δ’
958 1063 1015 1128 οὐκ
1040 1067 1124 1150 ἔχεις
1147 1065 1277 1129 εύκολον
1299 1087 1360 1128 αα·

128 1186 277 1267 ταλαβείν
300 1187 452 1261 ένταύθα,
480 1182 522 1257 ὡς
545 1183 677 1270 εἴρηται,
705 1184 969 1269 ἀποσταλῆτωσσιν
997 1185 1155 1269 ἅνθρωποι
1183 1190 1259 1268 μετὰ
1284 1205 1360 1267 γρα-

127 1313 190 1388 ρῆς
213 1324 279 1380 οοο,
303 1303 357 1375 ούς
378 1301 414 1366 ἂν
437 1305 613 1387 διακρίνῃς,
642 1303 686 1376 είς
709 1301 801 1367 αύτύν
830 1307 1135 1381 τύν,παναγιύτατύν
1164 1323 1223 1386 μοι)
1246 1306 1361 1365 δεταί-

128 1443 195 1506 την,
218 1424 270 1485 τύν
292 1423 507 1506 οὶκοομενικύν
529 1426 733 1507 πατριάρχην,
756 1427 811 1486 καί
832 1425 887 1507 την
908 1423 979 1506 περί
995 1421 1086 1486 αὐτὸν
1102 1426 1193 1486 θείαν
1209 1425 1263 1484 καί
1278 1419 1361 1504 ἱερὰν

128 1542 269 1617 σύνοδον,
292 1543 499 1626 δηλοπιούσης
520 1546 589 1624 περί
612 1551 670 1604 τῶν
693 1544 837 1604 τοιούτων
859 1544 1127 1626 κατηγορημάτων
1151 1537 1259 1614 αύτού,
1282 1539 1361 1622 πλὴν

129 1658 288 1742 ἐχέτωσαν
309 1663 377 1742 περί
399 1661 511 1722 τούτων
533 1664 589 1722 καί
612 1657 641 1722 οἱ
664 1661 828 1741 μέλλοντες
851 1658 1063 1752 ᾆποσταλῆναι
1084 1663 1154 1741 περί
1171 1667 1226 1722 τού
1243 1657 1360 1742 εἴδησιν

129 1773 254 1861 ἀκριβῆ,
269 1783 324 1840 καί
340 1777 448 1860 μέλλει
463 1780 611 1855 γενέσθαι
626 1777 670 1848 είς
686 1773 787 1854 αύτύν,
803 1775 877 1842 ὅσον
894 1776 930 1841 ἂν
946 1790 1027 1864 ρανη
1045 1779 1172 1862 ἔννομον
1187 1781 1242 1840 καί
1262 1797 1359 1839 κανο-

128 1899 224 1959 νικύν.
246 1891 266 1979 ἡ
290 1897 434 1977 βασιλεία
456 1917 515 1978 μου
537 1903 610 1974 γούν
633 1893 768 1979 ἀκριβῶς
790 1895 886 1973 οἶδεν,
915 1897 1023 1960 ὁποίαν
1047 1898 1169 1981 οἰγσίπην
1190 1901 1246 1958 καί
1266 1916 1358 1958 πνεο-

127 2015 263 2099 ματινιήν
285 2016 427 2079 διάθεσιν
450 2017 520 2099 ἔχει
541 2013 560 2099 ἡ
584 2014 705 2100 ίερὸτης
728 2021 783 2079 σέο
805 2019 872 2098 περί
894 2011 998 2099 αὐτὴν,
1021 2015 1076 2078 καί
1099 2012 1180 2086 ὅπως
1203 2011 1358 2097 ὑπερεύχη

126 2135 243 2217 ταύτης
264 2133 317 2196 διὰ
337 2136 461 2208 παντὸς,
484 2137 539 2196 καί
561 2129 611 2196 ύτε
635 2133 720 2217 ἔχεις
743 2133 883 2211 εὔκολον,
905 2140 960 2197 καί
982 2138 1112 2220 γρσίρεις
1127 2137 1182 2196 καί
1196 2131 1358 2217 ἀναφέρεις

125 2251 172 2324 τίς
195 2253 248 2336 τῆν
272 2253 432 2334 βασιλείαν
459 2273 527 2335 μοο,
550 2256 617 2335 περί
639 2251 680 2315 ὧν
707 2255 826 2334 βούλει,
855 2257 933 2336 μετὰ
954 2263 1008 2336 τῆς
1032 2249 1127 2336 αύτῆς
1149 2261 1357 2334 κνεοριατικῆς

125 2373 302 2443 διαθέσεως
322 2377 377 2435 καί
397 2373 617 2458 πληροφορίας,
639 2382 767 2455 πρᾶγμα
790 2374 911 2456 μέλλεις
933 2385 1028 2436 ποιεῖν
1045 2372 1087 2444 εἰς
1104 2373 1264 2454 α’ποδοχῆν
1279 2371 1357 2434 κολ-

124 2493 185 2575 λην
206 2495 260 2554 καί
282 2488 481 2576 εὐαρέστησιν
505 2501 559 2575 τῆς
586 2493 746 2572 βασιλείας
773 2513 846 2575 μοο,
874 2490 979 2573 ἐπειδὴ
1006 2488 1102 2575 καὶὴ
1126 2491 1269 2573 βασιλεία
1297 2511 1356 2572 μοο

123 2609 181 2692 τήν
203 2603 298 2692 αὐτὴν
320 2605 478 2692 εύμένειαν
500 2612 555 2670 καί
567 2609 722 2696 ,διάθεσιν
746 2609 813 2692 ἔχει
836 2609 879 2680 εὶς
901 2610 955 2692 τήν
978 2607 1121 2692 ίεροτητοί
1149 2631 1218 2672 σοι.
1247 2606 1356 2671 ὁποίαν

123 2729 182 2790 καί
201 2730 355 2810 πρότερον,
379 2727 553 2810 μᾶλλονδὲ
577 2731 632 2788 καί
651 2730 873 2810 περισσοτέραν
896 2729 926 2804 †.
1011 2780 1014 2788 .

211 2846 233 2922 †
265 2841 372 2928 Εἶχε
405 2845 472 2908 τύ·
506 2849 611 2929 μηνί
644 2846 894 2927 σεπτεβρίῳ
920 2845 1215 2916 ὶνδικτιῶνος
1251 2845 1277 2905 α’
1305 2842 1355 2906 δι’

124 2961 330 3044 ἐροθρόν
373 2966 647 3046 γραμμάτων
691 2973 766 3047 τῆς
809 2964 1058 3048 βασιλικῆς
1103 2969 1178 3026 καί
1222 2967 1355 3032 θείας

124 3085 286 3165 χειρίς
318 3085 347 3158 β

386 3265 528 3332 CXVIII.
551 3268 793 3344 (6856-1347)
807 3268 977 3352 septembri
993 3267 1056 3330 ind.
1073 3269 1096 3332 I.

128 3409 285 3480 Imperator
299 3409 422 3464 Ῑοακκατ
440 3409 650 3465 σακίαεαεαοτιε
669 3411 801 3472 decemuir,
822 3422 853 3464 ιιί
873 3422 929 3465 ίοία
950 3412 1056 3465 Κυπρία
1077 3415 1172 3464 imum
1193 3413 1357 3464 ειιίιὶέιίαιαν

594 3530 737 3599 κιείνοροίί
755 3529 885 3585 Κίονίαο.

182 3746 185 3751 ,
210 3678 230 3753 †
253 3671 458 3752 Εόγενέστατε
482 3679 564 3755 μέγα
592 3671 646 3756 ῥήί
673 3678 773 3756 ποὶσης
796 3673 926 3744 Ῥωοίας
953 3680 1007 3736 καί
1033 3679 1219 3756 περιπύθητε
1248 3671 1353 3755 ‹it-1542&

124 3803 178 3874 τῆς
202 3794 362 3874 βασιλείας
386 3813 454 3875 μου,
477 3801 535 3875 κύρ
557 3789 695 3874 Συμεών·
722 3789 743 3876 ἡ
767 3793 910 3874 βασιλεία
933 3815 992 3874 μοο
1016 3791 1075 3856 ἀπὸ
1100 3801 1152 3856 τού
1174 3790 1280 3862 ἓλὲοος
1304 3802 1357 3855 τού

123 3913 203 3974 θτού
226 3906 318 3988 ὑγιῶς
342 3910 486 3992 ἔχεικαὶ
508 3910 622 3984 καλῶς,
639 3910 676 3972 ύὶν
691 3931 764 3972 ποτε
786 3909 836 3972 ἵνα
859 3907 1000 3994 ὑγιαίνῃς
1019 3915 1073 3973 καί
1095 3912 1141 3985 ού,
1167 3909 1269 3994 ανεριέ
1286 3933 1355 3992 μοι.

126 4001 186 4094 Ina
212 4039 268 4115 τῆς
294 4039 414 4115 γραφῆς
442 4051 498 4092 οοο
525 4027 686 4112 ἐγνώρισεν
712 4026 731 4112 η
761 4031 903 4108 βασιλεία
932 4043 1003 4112 μού,
1036 4028 1109 4094 ὅσον
1139 4032 1269 4115 ἓγραρες
1301 4035 1355 4092 καί

126 4148 319 4232 ὲδηλοποίεις
341 4147 384 4218 εἰς
408 4145 513 4231 αὐτὴν.
547 4145 566 4231 ἡ
591 4149 733 4227 βασιλεία
756 4157 828 4224 γούν
856 4160 913 4210 των
936 4148 1108 4231 Ῥωμαίων.
1138 4147 1217 4210 ἀλλὰ
1240 4149 1278 4230 δὴ
1302 4153 1356 4210 καί

126 4265 145 4350 η
168 4265 325 4350 ἁγιωτάτη
347 4275 400 4328 τού
422 4249 501 4329 θεοῦ
524 4269 645 4350 μεγάλη
655 4265 816 4349 ἐκκλησία
837 4269 891 4332 ἔνι.
916 4267 1107 4351 ιὀςέγραρες
1123 4273 1177 4330 καί
1200 4269 1247 4331 οὐ,
1271 4271 1354 4350 πηγή

126 4391 226 4468 κιίσης
249 4381 407 4466 εὐσεβείας
429 4389 483 4454 καί
506 4387 696 4456 διδασκαλος
718 4391 909 4468 νομοθεσίας
933 4409 964 4448 τε
988 4393 1041 4450 καί
1058 4383 1223 4468 ἁγιασμού.
1248 4387 1296 4447 διὸ
1319 4385 1353 4447 δὲ

129 4502 247 4586 ἔφθασε
274 4505 326 4565 καί
351 4504 469 4580 ἐγένετο
494 4507 713 4608 παραχωρήσει
731 4509 815 4574 ,θεοῦ
838 4527 856 4586 η
882 4501 1043 4586 προύλίγοο
1061 4505 1257 4586 ὲιιιούμβοὶοα
1277 4514 1354 4580 σογ·“
