3258 5282
330 281 391 339 416

328 458 417 544 ἡμεῖς
444 458 595 534 ἐξετάζειν
620 465 673 522 καὶ
701 459 873 542 ἀνακρίνειν
900 461 954 530 τὰς
981 455 1130 542 ύμετέρας
1160 462 1290 542 πράξεις,
1312 458 1395 522 ἀλλά
1420 461 1463 518 τά
1485 455 1552 537 παρ’

331 576 413 660 ύμιῦν
437 576 549 641 αύτόθι
573 579 738 648 συνοδικιῦς
761 582 906 660 γινόμενα
928 583 1093 660 στέργομεν
1118 582 1172 640 καί
1195 574 1282 662 ἡμεῖς
1307 581 1362 639 καί
1383 577 1552 658 δεχόμεθα

330 695 546 781 ἀναμφιβόλως
568 700 622 758 καί
645 695 861 770 ἀνεξετάστως,
884 699 933 758 διύ
954 700 1008 758 καί
1029 697 1099 766 τούς
1120 695 1188 779 παρ’
1212 693 1293 778 ύμιῦν
1316 694 1461 757 ἐνταῦθα
1476 713 1552 774 πεμ-

329 820 465 900 ρθέντας
486 816 639 895 πρέσβεις,
662 819 759 876 τόντε
782 813 943 896 ἱερώτατον
966 815 1190 897 μητροπολίτην
1211 813 1401 883 Λαοδικείας
1426 815 1487 874 καί
1505 814 1553 872 τόν
1613 813 1614 816 ’

329 935 525 1017 ἐντιμότατον
547 935 780 1018 χαρτορύλακα,
810 939 864 996 καί
892 933 1069 1016 ἐδεξάμεθα
1097 938 1151 996 καί
1178 933 1397 1014 ἀπεδεξάμεθα
1425 935 1486 994 καί
1520 935 1554 990 τά

330 1053 477 1116 συνσδικά
499 1057 674 1135 γράμματα,
698 1051 775 1136 ἅπερ
799 1053 916 1136 ἔφερον,
939 1057 993 1116 καί
1016 1052 1196 1135 ἐστὲρζαμεν
1217 1055 1272 1114 καί
1297 1057 1482 1134 στέργομεν.
1506 1051 1554 1110 διὰ

328 1179 418 1234 τοῦτο
445 1177 499 1234 καί
526 1175 635 1254 γράφει
661 1173 735 1254 πρός
764 1167 843 1253 ὑμᾶς
869 1167 888 1254 η
917 1175 1076 1253 μετριότης
1097 1169 1192 1254 η’μῦν,
1219 1169 1270 1234 ἵνα
1292 1174 1469 1253 γινώσκητε
1504 1169 1555 1248 τῆν
1613 1249 1614 1264 η

326 1287 478 1374 ἡμετίραν
500 1295 622 1373 γνώμην
648 1295 703 1352 καί
729 1299 783 1372 τῆς
808 1287 958 1372 ἡμετέρας
986 1291 1123 1352 συνόδου.
1152 1289 1183 1352 εί
1205 1311 1250 1360 τις
1277 1285 1330 1352 ούν
1355 1287 1454 1350 ἐλθοι
1481 1289 1554 1367 πρὸς
1613 1267 1614 1290 ³

328 1407 408 1489 ύμας
431 1407 512 1472 ἄλλα
533 1410 630 1484 λόγιον
652 1413 734 1491 παρά
757 1417 862 1484 ταῦτα,
886 1410 981 1490 μηδὲν
1000 1410 1179 1491 πιστεύσητε
1195 1403 1288 1488 αύτῷ,
1310 1411 1364 1468 καί
1380 1411 1554 1488 γράμματα

329 1526 380 1588 ἐάν
403 1533 480 1611 ρόρη
502 1525 571 1609 παρ’
594 1527 669 1609 ἐμοῦ
692 1529 798 1610 δῆθεν,
822 1528 917 1610 μηδὲν
941 1529 1081 1608 στίρζητε
1103 1530 1133 1602 †.
1286 1613 1288 1616 .
1613 1553 1614 1596 ι

745 1763 925 1827 CLXXXI.
945 1763 1020 1828 Sine
1035 1784 1123 1826 anno.

590 1939 715 2007 Εριιοιέιιι
731 1957 815 1992 οισι-ιε
828 1957 930 2007 ρνανοε
945 1941 975 1990 in
989 1939 1170 1990 matrimoniis
1185 1937 1288 1992 αύοέκί.ι

412 2114 553 2199 γ”Οσην
577 2120 632 2198 μὲν
655 2120 798 2180 σύστασιν
820 2116 876 2198 καὶ
901 2117 1073 2202 ἀσφάλειαν
1101 2119 1136 2178 τό
1161 2125 1216 2198 τῆς
1243 2113 1364 2198 είρηνης
1390 2119 1446 2177 καί
1474 2115 1552 2195 ὁμο-

326 2241 412 2305 νοίας
434 2244 540 2318 χρῆμα
561 2237 695 2317 προξενεῖ
716 2247 754 2320 τῆ
776 2234 930 2320 ἐκκλησία
951 2239 1028 2298 θεοῦ
1050 2240 1104 2297 καί
1126 2232 1206 2304 ὅπως
1228 2233 1383 2316 ἐπικρατεῖ
1403 2233 1457 2294 διά
1479 2234 1551 2293 τού-

325 2375 378 2416 του
401 2349 523 2426 εύταζία
546 2359 600 2415 καί
622 2357 789 2436 κοσμιότης
813 2352 843 2416 ἐν
867 2351 964 2416 ἅπασι
988 2365 1049 2423 τοῖς
1072 2352 1340 2436 ἐκκλησιαστικαῖς
1360 2356 1551 2432 πράγμασιν,

323 2471 410 2534 ἴσασι
431 2475 541 2543 πάντες
564 2471 593 2534 οἱ
614 2473 710 2554 ταύτῃ
733 2470 811 2542 ύλιυς
832 2477 1050 2555 προσκείμενοι
1072 2475 1126 2534 καί
1141 2469 1182 2543 ιδς
1208 2471 1287 2554 μέλη
1306 2478 1361 2552 τῆς
1377 2467 1551 2552 ἐκκλησίας

326 2588 398 2672 μεθ’
432 2589 580 2673 ἁρμονίας
605 2601 810 2674 πνευματικῆς
837 2591 879 2662 είς
906 2593 938 2653 ἐν
965 2593 1181 2673 συνυδοόμενσι
1208 2599 1297 2672 σῶμα
1322 2592 1377 2650 καί
1408 2587 1550 2672 κεφαλὴν

326 2711 390 2790 μὲν,
406 2711 488 2769 κατὰ
510 2712 561 2770 τόν
583 2712 668 2772 θεῖον
692 2707 873 2784 ἀπόστολον,
897 2709 1021 2792 ἔχοντες
1037 2712 1088 2770 τόν
1104 2708 1242 2790 Χριστόν,
1266 2702 1313 2790 ὑφ’
1325 2703 1368 2768 ἐνί
1388 2707 1421 2766 δέ
1439 2707 1550 2786 καθῆ-

325 2829 439 2907 γεμόνι,
463 2825 504 2908 τιρ
524 2831 680 2910 προστάτη
703 2837 756 2910 τῆς
779 2824 957 2908 ἐκκλησίας,
981 2829 1166 2907 ταττόμενοι·
1191 2821 1266 2907 ὅσην
1288 2825 1326 2906 δη
1341 2824 1432 2885 πάλιν
1448 2843 1548 2904 ταρα-

325 2944 384 3026 χέρν
406 2941 474 3004 κατ’
498 2940 592 3027 αὐτῆς
616 2941 765 3026 ἐπεγείρει
787 2947 841 3005 καί
864 2945 958 3026 ζάλην
981 2939 1000 3027 ἡ
1027 2949 1161 3027 κακίστη
1188 2944 1347 3012 διάστασις
1373 2945 1428 3004 καί
1453 2944 1548 3026 ριλσ-

323 3064 423 3122 νεικία
445 3065 500 3122 καί
521 3064 560 3124 τά
582 3060 618 3124 ἐκ
641 3064 752 3146 ταύτης
775 3059 959 3147 ἐπιφυόμενα
983 3061 1153 3135 σκάνδαλα,
1175 3065 1230 3124 καί
1252 3058 1326 3144 ύσην
1343 3059 1549 3140 ἀπεργάζεται

326 3178 480 3261 ἀκοσμίαν
501 3185 555 3242 καί
579 3183 735 3264 σύγχυσιν,
759 3185 909 3264 γνώριμον
930 3185 985 3244 καί
1005 3189 1094 3243 τοῦτο
1117 3182 1306 3242 καθίσταται
1321 3192 1381 3248 τοῖς
1398 3182 1548 3264 ἐχίφροσι

323 3301 377 3360 καί
410 3307 462 3360 τοῦ
496 3299 618 3362 δικαίου
641 3298 843 3382 ἐζεχυρένυις,
877 3303 1064 3382 μαρτυρήσει
1091 3297 1118 3362 δ’
1146 3295 1206 3380 σύγ
1231 3296 1322 3382 ἧττον
1349 3302 1403 3360 καί
1430 3303 1467 3359 τά
1496 3307 1545 3360 νῦν

323 3417 554 3500 λεχθησόμενα.
578 3419 731 3502 φθάνουσι
752 3420 808 3499 πρό
832 3416 937 3493 ύλίγου
961 3416 1136 3500 ἐγκύψαντα
1159 3419 1319 3480 σκάνδαλα
1342 3417 1384 3486 είς
1412 3419 1466 3500 τῆν
1489 3417 1546 3479 ἐκ·

322 3535 454 3619 κλησίαν
475 3539 563 3609 θεοῦ,
585 3532 657 3616 παρ’
679 3532 719 3596 ιύν
743 3533 802 3617 ἄρα
824 3539 878 3596 καί
901 3536 1065 3617 ἐνέκυψαν,
1093 3535 1230 3619 μεγάλην
1257 3535 1394 3616 ταραχὴν
1422 3533 1545 3610 ἐπεγεί-

322 3673 417 3734 ραντα
446 3667 483 3737 τῆ
504 3665 695 3736 πνευματικῇ
722 3651 850 3736 ὁμονοία
876 3663 929 3714 τοῦ
956 3655 1069 3735 ταύτης
1095 3659 1247 3736 σώματος,
1274 3651 1316 3723 ώς
1341 3654 1382 3734 μή
1415 3651 1544 3738 ι’ύρελεν·

323 3779 377 3832 τσῦ
400 3780 472 3847 γοῦν
495 3773 533 3834 ἐκ
555 3775 633 3834 θεοῦ
655 3778 819 3854 κρατίστου
840 3776 893 3833 καί
917 3771 1006 3848 σἰγίου
1028 3770 1114 3856 ῆμῦιν
1137 3771 1287 3834 αύθέντου
1313 3771 1368 3834 καὶ
1390 3773 1544 3852 βασιλύεες

325 3885 381 3950 ύπύ
404 3899 458 3972 τῆς
481 3889 609 3974 ἐνούσης
633 3888 714 3974 αύτῷ
735 3888 943 3973 μεγαλορυΐας
965 3895 1018 3952 καί
1041 3890 1201 3974 ἀγχινοίας
1226 3894 1280 3953 καί
1305 3895 1372 3972 περί
1398 3895 1437 3954 τά
1460 3893 1544 3954 καλά

322 4007 457 4088 σπουδῆς
490 4029 522 4068 τε
549 4012 603 4070 καί
629 4010 799 4092 συνδρομῆς
827 4012 864 4070 τά
891 4017 1018 4070 τοιαῦτα
1050 4009 1211 4072 σκάνδαλα
1243 4011 1463 4082 διαλελυκότος
1490 4017 1544 4072 καί

323 4121 461 4186 ἐκποδών
479 4122 713 4208 ἀπεληλακότος
735 4131 788 4189 καί
810 4128 864 4209 τὴν
887 4126 1007 4210 εέρήνην
1029 4137 1082 4210 τῆς
1105 4136 1157 4189 τσῦ
1173 4130 1252 4189 θεοῦ
1267 4127 1438 4212 ἐκκλησίας
1453 4131 1539 4213 φιλο-

323 4247 405 4313 θίιυς
437 4241 507 4326 ἡμῖν
533 4251 767 4328 χυρηγήσαντος
795 4251 849 4306 καί
876 4245 946 4315 τούς
971 4248 1181 4326 διισταμένυυς
1205 4257 1264 4308 τών
1291 4247 1458 4330 ἱερωτάταιν
1485 4246 1540 4327 ἀρ-

323 4367 450 4443 χιερέων
473 4365 660 4442 συνάψαντος
675 4367 716 4445 τῷ
731 4385 761 4425 τε
777 4366 998 4444 παναγιυιτάτιρ
1013 4361 1099 4446 ἡμῶν
1121 4367 1264 4448 δεσπότῃ,
1286 4369 1329 4448 τῴ
1343 4365 1543 4447 υέκουμενικῴ

324 4481 505 4563 πατριάρχρ,
528 4487 581 4542 καί
604 4493 639 4564 τῆ
662 4487 728 4564 περί
744 4478 845 4564 ἀὐτὴν
867 4485 941 4562 θείη
967 4485 1019 4544 καί
1048 4481 1117 4564 ἱερά
1135 4483 1271 4577 ισυνύδιρ,
1300 4481 1442 4566 ἀπελύθη
1458 4505 1539 4567 τηνι-
