3314 5266
280 319 358 386 55⁶.

280 501 300 590 ἡ
324 475 397 584 γοῦν
420 507 580 594 μετριότης
601 499 698 588 ἡμῶν,
721 503 1060 588 συνδιασκιψαηιίνητά
1081 503 1277 586 περὶτούτων
1299 511 1338 587 τη·
1359 500 1428 587 ίερα
1451 505 1510 565 καί

280 624 414 706 μεγάληΙ
437 624 554 707 συνόδιρ
576 632 635 688 τῶν
658 621 827 706 ἱερωτάτων
850 620 1016 707 ἀρχιερίων
1039 625 1094 685 καί
1120 615 1296 706 ύπερτίμιεν,
1318 621 1428 701 διίγνω
1450 626 1508 685 καί

279 739 467 829 ἀπεφήνατο,
490 739 531 814 ύς
554 739 591 806 ἂν
612 747 696 808 κατὰ
717 743 772 828 τήν
794 742 943 826 διαταγην
965 750 1020 826 τῆς
1042 739 1135 820 ἀγίας
1155 739 1210 806 ’καί
1231 741 1448 826 οίκυυμενικης
1470 741 1529 805 ἐν’

281 861 463 947 Χαλκηδόνι
484 864 623 941 συνόδου,
646 863 888 948 διαγορευυύσης
910 857 1023 926 υύτωσί
1040 847 1123 928 κατά
1146 856 1264 947 ῥημαόν
1285 859 1388 946 δγδόμ
1411 859 1509 946 αὐτῆς

280 985 400 1046 κανόνι·
423 982 475 1060 ,,υί
494 985 719 1068 κληρικυίτῶν
740 987 898 1068 πτωχείαν
911 986 966 1046 καί
982 987 1191 1067 μυναστηρίων
1214 979 1270 1046 ἀπό
1292 983 1347 1067 τήν
1367 979 1510 1056 δεουσίαν

280 1112 339 1166 τῶν
362 1099 394 1167 όν
417 1101 536 1189 ἑκάστη
557 1105 646 1167 πόλει
668 1101 841 1168 ίπισκόπων
863 1107 945 1168 κατά
967 1103 1020 1188 τῂν
1042 1113 1101 1166 τῶν
1123 1101 1219 1182 σἰγίων
1242 1101 1380 1188 τατίραν
1401 1107 1509 1186 παρά·

280 1223 368 1286 δοσιν
390 1222 633 1307 διαμενότωσαν,
666 1226 722 1287 καί
743 1224 785 1308 μη
808 1225 890 1286 κατὰ
916 1193 1087 1286 αύοθάδτιαν
1110 1221 1328 1308 ἀφηνιάτωσαν
1360 1231 1414 1287 τού
1437 1222 1508 1287 ἀτι-

282 1345 409 1419 σκότυυ,
432 1341 518 1406 αἱδί
540 1343 711 1426 τολμῶντες
735 1339 913 1424 ἀνατρίπειν
935 1343 990 1426 την
1016 1343 1158 1427 τοιαύτην
1176 1341 1374 1420 διατύπωσιν,
1400 1341 1428 1406 τί
1450 1345 1508 1426 μὲν

280 1459 341 1524 τίεν
362 1463 517 1548 κληρικοί,
539 1473 602 1534 τοῖς
624 1473 683 1525 τῶν
704 1466 842 1526 κανόνων
864 1458 1103 1526 ύπσκιίσθωσαν
1128 1461 1305 1545 ἀτιτιμίοις,
1338 1461 1365 1525 εὶ
1386 1463 1422 1526 δό
1446 1484 1507 1546 μυ-

278 1583 421 1653 νάζοντες
443 1579 588 1668 ἢλαίκυί,
612 1581 750 1648 ἔστωσαν
763 1579 996 1666 ἀκυινύνητυιίί,
1020 1581 1159 1666 ἔχηκαί
1181 1577 1199 1670 6
1221 1581 1376 1666 δηλωθείς
1392 1584 1507 1667 θεοφι-

280 1701 428 1772 λίστατος
461 1699 627 1774 ἐπίσκοπος
660 1699 692 1764 δν
714 1701 756 1786 τῷ
776 1699 871 1784 Ἃγίιρ
891 1700 979 1785 Ὀρει
1000 1699 1089 1766 παντὶ
1110 1694 1210 1766 πάντα
1232 1704 1270 1765 τά
1303 1699 1509 1786 ἀρχιερατικὰ

282 1816 376 1885 αύτυδ
408 1821 527 1897 δίκαια,
562 1815 677 1906 ὅσαπερ
711 1821 836 1906 ἔχουσιν
870 1817 899 1885 οἱ
932 1818 1084 1905 ἀρχιερεῖς
1106 1823 1217 1893 πάντες
1239 1819 1272 1883 ἀν
1293 1833 1359 1892 ταῖς
1392 1815 1509 1884 ἑαυτῶν

280 1938 473 2024 ἐκκλησίαις,
495 1945 550 2004 καί
571 1939 713 2024 διενεργῄ
739 1951 835 2006 ταῦτα
862 1939 1037 2017 ἀκωλύτως,
1072 1941 1112 2024 μή
1147 1935 1296 2024 εὑρίσκων
1318 1945 1411 2024 παρά
1427 1963 1510 2014 τινος

279 2059 468 2144 ἀμποδισμόν
490 2071 548 2124 τῶν
571 2059 603 2123 όν
618 2060 660 2144 τῷ
675 2057 770 2144 εΑγίιρ
784 2059 882 2145 Ὄρει,
900 2063 977 2145 μήτε
993 2059 1162 2143 ἀνάκρισιν,
1179 2057 1261 2123 ἀλλά
1275 2063 1394 2146 πράττη
1410 2069 1509 2124 ταῦτα

276 2182 377 2242 πάντα
399 2175 442 2251 ύις
465 2183 590 2265 γνήσιος
614 2177 774 2264 ἀρχιερεύς
800 2187 853 2243 τού
876 2177 983 2257 Ἃγίυυ
1004 2177 1127 2264 Ὀρυυς,
1150 2183 1233 2242 κατὰ
1260 2181 1313 2263 την
1334 2189 1395 2242 τῶν
1419 2178 1507 2263 ἱερῶν

280 2301 418 2362 κανόνων
440 2274 632 2364 διατύπωσιν,
656 2303 710 2362 καί
731 2299 843 2371 καθιδς
865 2297 946 2362 οἶδεν
967 2295 987 2383 ἠ
1005 2303 1164 2384 μετριότης
1178 2295 1375 2384 ἡμῶνούτως
1392 2297 1456 2362 ἐκεῖ
1470 2301 1511 2360 τά

280 2426 407 2481 τοιαύτα
429 2421 584 2502 γινόμενα,
608 2416 664 2482 ἀτί.
677 2419 773 2482 πολύν
794 2421 908 2502 χρόνον
931 2418 995 2482 ἀκεῖ
1016 2419 1205 2502 διατρίψασα
1224 2422 1278 2484 καί
1293 2420 1399 2489 καλῶς
1415 2421 1509 2494 γινύι-

281 2557 401 2601 σκουσα
416 2546 522 2602 ταύτα.
540 2537 630 2602 ἔνθεν
645 2559 693 2601 τοι
706 2536 763 2600 καί
777 2538 944 2610 συνυδικῶς
958 2538 1210 2621 παρακελεύεται,
1227 2535 1393 2610 ἀκωλύτως
1409 2537 1512 2620 εἰσόρ-

280 2660 399 2743 χισθαι
420 2665 527 2721 τοῦτον
549 2656 594 2728 τίς
615 2659 650 2722 τό
671 2654 783 2735 ’Ἂγιυν
798 2656 903 2740 Ὄρος,
928 2655 1018 2722 ύπότε
1041 2658 1194 2739 βούλεται,
1211 2654 1253 2730 ύς
1274 2656 1356 2720 ἰδίαν
1379 2655 1511 2720 ότισκο-

280 2780 349 2862 πην,
372 2782 426 2841 καί
448 2778 611 2862 ἱερουργεῖν
634 2775 665 2842 ἀν
688 2773 784 2865 αύτῷ,
808 2776 883 2841 ὅπου
905 2781 960 2840 καί
983 2775 1034 2841 ύτε
1058 2778 1217 2859 βούλεται,
1244 2789 1367 2860 κρατεῖν
1392 2799 1427 2838 τε
1454 2778 1510 2858 τὴν

279 2897 482 2980 ποιμαντικην
499 2891 622 2979 ῥάβδον,
646 2894 747 2981 ύσπερ
771 2897 803 2961 ὲν
819 2901 907 2961 παντὶ
929 2898 1036 2979 τούτῳ,
1060 2891 1138 2959 ούτω
1153 2899 1207 2958 καί
1227 2893 1260 2958 ἐν
1278 2905 1343 2966 ταίς
1358 2893 1508 2976 Καρύαις,

279 3019 333 3078 καί
348 3017 599 3099 μνημονεύεσθαι
611 3026 729 3099 πρῶτον
745 3013 846 3092 αύτόν,
864 3015 969 3078 ἔπειτα
984 3018 1035 3078 τόν
1051 3015 1187 3099 Πρῶτον,
1203 3013 1290 3099 ἔχειν
1303 3035 1336 3076 τε
1351 3015 1407 3076 καί
1419 3013 1454 3074 τύ
1470 3009 1505 3076 ἐν

276 3145 343 3205 ταῖς
357 3132 496 3217 Καρύαις
512 3129 605 3197 αὐτοῦ
620 3137 775 3219 κάθισμα,
796 3135 877 3219 είπερ
894 3133 958 3218 εἶχε
977 3141 1067 3198 τούτο
1088 3132 1245 3199 ἀνίκαθεν
1264 3143 1326 3204 τάς
1346 3130 1513 3216 ἀρχιερεύς

277 3252 575 3339 τυόἋγίυυὌρους,
590 3259 646 3327 τάς
662 3259 765 3340 μίντυι
780 3259 972 3341 χειροτυνίας
987 3257 1142 3334 γίνεσθαι,
1157 3255 1268 3326 καθύς
1283 3251 1350 3317 ἔστι,
1361 3253 1510 3336 σύνηθες,

280 3370 469 3452 ἀκλίγισθαι
492 3378 547 3457 μίν
567 3375 637 3446 τούς
652 3379 941 3459 χειροτονουμίνους
956 3373 988 3437 όν
1003 3385 1069 3445 ταῖς
1086 3372 1239 3456 μεγάλαις
1255 3383 1361 3458 μυναίς
1375 3372 1465 3453 παρά,
1475 3391 1510 3432 τε

279 3503 338 3557 τῶν
370 3497 616 3580 καθηγουμίνων
650 3493 749 3558 αότων
771 3498 826 3558 καί
848 3505 906 3558 τῶν
928 3496 1041 3558 λοιπῶν
1063 3495 1168 3578 ἱερίων
1190 3497 1246 3556 καί
1278 3493 1512 3573 δοκιμάζεσθαι

277 3612 350 3697 παρ’
373 3611 470 3684 αὐτῶν
493 3620 548 3677 καί
571 3618 793 3699 μαρτυρεῖσθαι
815 3619 869 3678 καί
892 3611 970 3678 ούτω
992 3617 1243 3700 χειροτονεῖσθαι
1262 3617 1346 3696 παρὰ
1362 3620 1423 3678 τοῦ
1439 3609 1509 3672 ότι·

279 3737 406 3812 σκύπού,
431 3735 500 3806 τούς
522 3736 557 3800 δὲ
579 3733 621 3798 ἐν.
634 3745 695 3808 τοῖς
718 3735 776 3810 ἔξω
795 3739 977 3818 καθίομασι
997 3739 1052 3798 καί
1074 3747 1136 3808 τοῖς
1162 3735 1298 3804 κελλίυις
1321 3735 1508 3815 χιιρυτανεί·

276 3855 355 3916 σθαι
388 3853 443 3919 καὶ
476 3853 587 3929 αύτούς
610 3853 690 3940 παρ’
724 3851 831 3932 αύτυύ,
868 3860 945 3939 μετὰ
967 3859 1020 3918 καί
1044 3855 1191 3940 είδησεως
1214 3861 1267 3918 τοῦ
1290 3849 1433 3935 Πρώτου,
1455 3853 1510 3914 καί

278 3971 382 4044 ἀπλύς
403 3985 506 4038 πᾶσαν
529 3973 748 4060 ἀρχιερατικὴν
770 3977 876 4058 πρᾶξιν
899 3973 955 4037 καὶ
983 3970 1075 4037 αύτόν
1101 3975 1265 4057 διενεργειν
1289 3968 1455 4042 ἀκωλύτως
1478 3967 1510 4031 όν

277 4090 320 4174 τῷ
340 4090 434 4176 Ἃγίιρ
449 4093 545 4176 Ὄρει
559 4093 657 4170 παντὶ,
681 4099 736 4158 καί
759 4096 800 4179 μὴ
825 4092 1060 4176 ἀνακρίνεσθαι,
1085 4098 1162 4179 μήτε
1185 4095 1270 4174 παρὰ
1292 4097 1345 4162 τού
1368 4089 1510 4173 Πρώτου,

275 4215 353 4296 μήτε
385 4211 455 4297 παρ’
479 4213 576 4278 ἄλλου
597 4219 689 4287 τινός.
712 4218 780 4297 περί
807 4217 912 4297 μίντυι
934 4223 993 4276 τῶν
1019 4217 1299 4297 χειροτονουμόνων
1331 4213 1415 4292 παρὰ
1449 4217 1507 4270 τῶν

277 4330 398 4414 Σίρβων
419 4334 666 4414 παρακελεύεται
686 4330 707 4419 ἡ
731 4335 892 4417 μετριότης
914 4329 1001 4416 ἡμῶν
1023 4333 1076 4394 διὰ
1099 4341 1152 4395 τυό
1174 4307 1326 4416 παρόντος
1348 4329 1506 4405 σιγιλλιιύ-

274 4453 347 4523 δους
369 4456 559 4536 γράμματος,
583 4453 624 4538 μὴ
648 4453 802 4538 δέχεσθαι
824 4448 934 4521 αύτούς
967 4472 1034 4516 τινα
1060 4461 1119 4515 των
1140 4449 1335 4535 Ἃγιυρειτύν
1358 4452 1441 4514 κατὰ
1473 4449 1507 4509 τύ

277 4572 383 4658 παρόν,
406 4571 466 4646 ίως
489 4569 526 4636 ἀν
548 4571 578 4636 οἱ
600 4571 670 4656 παρ’
686 4569 779 4661 ’ἡμῶν
802 4575 944 4657 πρέσβεις
972 4569 1197 4645 ἀποοταλίνττς
1225 4568 1289 4634 ἐκεῖ
1311 4563 1509 4654 ύτοστρίόρω·
