3314 5266
1267 329 1324 393 591

98 515 181 575 τότε
204 515 258 574 καί
279 511 354 595 πρός
376 511 431 596 τήν
452 511 509 594 σήν
531 506 763 592 ιόγίνιιαντιρί
786 510 902 585 ισόιοο,
924 511 962 573 τά
985 505 1063 572 αόιὰ
1077 511 1173 588 λόγον
1186 515 1241 574 καί
1254 515 1329 596 πρός

102 634 156 705 σὲ,
183 626 260 712 άπερ
283 629 390 706 ίλιγον
412 631 466 690 καί
486 630 562 722 πρόςΙ
584 625 708 702 όκιίνον,
730 625 824 710 ήγουν
844 625 896 690 ἵνα
917 630 1042 710 γίνηται
1063 632 1163 710 κρίσις
1182 633 1238 692 καί
1258 649 1328 714 κρι-

101 750 202 831 θήτι.
225 755 277 809 νόν
290 725 333 809 'at
355 751 495 832 φαίνεταί
517 767 569 829 μοι
590 747 696 820 καλόν,
719 750 784 808 καί,
799 748 904 830 γράφω
927 767 989 821 σοι,
1023 742 1070 808 ὅτι
1103 742 1191 809 οόδίν
1213 752 1329 830 τρόποι,

102 863 187 927 οόδό
221 869 372 949 συμφίρον
396 863 441 926 ίνι
464 863 533 928 οότο
556 863 599 935 τίς
620 865 674 946 ιήν
695 867 796 948 ψυχήν
819 885 887 938 σου,
921 861 990 925 οὔτε
1013 861 1056 934 τίς
1082 866 1135 947 τήν
1156 867 1244 948 τιμήν
1276 875 1329 930 τοό

101 988 220 1060 γόνους
242 1004 307 1057 σου,
329 981 380 1045 ἵνα
402 982 482 1066 ίχης
504 986 581 1066 μιιά
603 991 656 1046 τοῦ
679 982 901 1066 μητροπολίτοο
924 985 1039 1064 κρίσιις
1061 985 1115 1045 καί
1149 985 1252 1066 μάχας
1274 983 1330 1048 καὶ

103 1101 285 1176 σκάνδαλα
309 1101 387 1163 διότι
409 1100 441 1164 αί
464 1104 565 1185 μάχαι
585 1105 640 1164 καὶ
661 1103 699 1163 τά
721 1101 882 1164 σκάνδαλα
904 1107 956 1162 τοό
982 1101 1128 1180 διαβόλου
1161 1101 1238 1184 ίργα
1259 1102 1329 1168 ιίσί.

100 1228 197 1289 ποῖος
220 1229 278 1281 τών
301 1213 402 1302 βηγών
424 1208 536 1302 ἐκρίθη
558 1221 631 1280 τοτδ
665 1221 742 1301 μετὰ
763 1227 817 1280 τοῦ
840 1219 1078 1301 μητροπόλίιοογ
1111 1214 1249 1303 όποιτήρ
1270 1241 1327 1284 σου

105 1337 229 1422 όκρίόη
260 1341 334 1399 ποτὶ
356 1335 376 1421 ή
399 1333 416 1399 ό
437 1341 558 1409 πάππος
591 1358 648 1399 σου
679 1335 806 1420 ήποιος
829 1335 924 1406 ἄλλος
946 1345 999 1398 τοῦ
1022 1339 1127 1414 γάνους
1149 1359 1219 1415 σοο;
1252 1337 1329 1425 άφος

103 1464 186 1532 γοῦν
208 1455 264 1518 καὶ
285 1456 322 1518 σό
344 1458 383 1518 τὰ
405 1456 567 1518 σκάνδαλα
587 1456 707 1538 καίτήν
729 1458 836 1535 κρίσιν,
860 1457 913 1516 καί
938 1453 1093 1536 πρόσυλόι
1115 1458 1168 1518 καί
1190 1453 1328 1540 ιίρήνιο-

105 1591 169 1636 σον
192 1576 271 1656 μετὰ
293 1582 346 1636 τοῦ
369 1577 482 1655 πατρός
504 1594 570 1648 σου,
593 1581 645 1636 τοῦ
669 1567 900 1656 μητροπολίτοο,
922 1575 976 1634 καί
993 1575 1124 1656 ζήτησον
1144 1571 1214 1657 παρ’
1236 1570 1330 1639 αότοό

105 1695 316 1774 συγχώρησιν,
339 1694 377 1752 νά
400 1713 449 1753 σοι
472 1693 668 1774 συγχωρήση,
690 1694 744 1752 καί
764 1695 893 1775 ποίησον
910 1695 1085 1774 μετάνοιαν,
1108 1688 1159 1754 ἵνα
1181 1695 1216 1755 σί
1237 1693 1329 1778 δόξη-

104 1830 162 1870 ται
183 1813 239 1872 καί
260 1808 369 1892 ἆγαπα·
392 1815 447 1872 καί
470 1809 531 1893 ἔχη
555 1831 589 1872 σο
612 1805 653 1879 ώς
675 1807 738 1870 υίόν
759 1829 823 1871 του·
840 1806 931 1879 αόιός
952 1811 1052 1892 πατήρ
1068 1829 1123 1872 σου
1146 1810 1191 1872 ίνι
1212 1815 1266 1874 καί
1289 1806 1330 1880 ός

104 1930 221 2010 πατήρ.
255 1927 336 2010 οίπιρ
360 1926 501 2012 ἰποίησιν
524 1927 566 1999 τίς
589 1931 624 1990 σό
646 1931 757 2002 τίποτι,
780 1927 917 2008 ίπροπιν,
949 1925 1000 1990 ἵνα
1022 1930 1056 2000 τό
1079 1923 1253 2010 όπομιίνης,
1276 1931 1331 1990 καί

105 2050 149 2109 νᾰ
171 2049 223 2109 τόν
244 2047 423 2129 προσίλόης
446 2047 572 2129 μᾶλλον,
594 2049 649 2108 καί
671 2050 708 2108 νά
732 2049 868 2129 ίητήσης
893 2043 961 2128 παρ’
995 2043 1088 2108 αότοό
1111 2041 1253 2122 ιόλογίαν
1274 2051 1330 2109 καί

108 2166 316 2246 συγχώρησιν,
330 2159 390 2246 οόχ
409 2161 461 2226 ἵνα
484 2167 577 2248 ζητῇς
599 2167 708 2245 κρίσιν,
731 2159 802 2225 οὐδὲ
826 2163 904 2246 όχης
927 2159 1065 2246 ὄχλησιν,
1082 2159 1176 2234 οὕτως
1192 2162 1327 2246 ίπροπιν,

105 2279 161 2342 ἰ’να
183 2284 315 2364 ποιήσῃς
338 2285 415 2344 πότι·
440 2280 504 2344 ίτιί
526 2283 560 2342 δό
574 2277 631 2342 οόκ
653 2279 802 2364 ἐποίησας
825 2288 912 2342 τοῦτο
934 2283 1013 2355 τότι,
1035 2289 1086 2343 νῦν
1100 2280 1227 2364 ποίησον
1243 2277 1329 2357 αότό,

107 2404 165 2462 καί
188 2403 320 2483 ζήτησον
340 2396 411 2481 παρ’
434 2396 526 2462 αίιτοό
549 2395 691 2475 τόλογίαν
713 2403 767 2460 καί
789 2402 991 2482 συγχώρησιν,
1007 2402 1062 2460 καὶ
1088 2399 1170 2482 σίκορ
1193 2398 1328 2484 δσφαλις

108 2521 166 2580 καί
198 2521 311 2592 τίτοτο,
344 2522 472 2600 ποίησον
495 2518 548 2599 τήν
571 2517 745 2598 διόρθωσιν,
780 2524 868 2578 τοῦτο
892 2516 937 2578 ἔνι
960 2515 1002 2587 τίς
1034 2517 1121 2600 τιμήν
1154 2519 1207 2579 καί
1238 2517 1329 2590 δόξαν

111 2635 169 2718 σήν
191 2639 246 2696 καὶ
268 2643 321 2697 τοῦ
345 2639 451 2712 γόνους
474 2656 539 2710 σου,
561 2639 616 2696 καί
638 2633 681 2704 τίς
704 2631 851 2718 ώφόλειαν
865 2643 918 2718 της
938 2639 1038 2720 ψυχῆς
1054 2656 1118 2698 σου.
1135 2634 1195 2713 ίγώ
1211 2634 1331 2718 ἔγραψα

111 2761 163 2817 νόν
186 2757 240 2815 καί
261 2755 335 2835 πρός
351 2755 402 2815 τόν
419 2753 643 2836 μητροπολίτην
659 2773 724 2828 σου,
739 2757 793 2814 καί
814 2751 867 2815 ἐὰν
881 2755 1014 2836 ποιήσης
1031 2757 1202 2835 μοτάνοιαν,
1225 2755 1331 2836 μίλλοι

113 2893 150 2936 σι
173 2872 325 2944 δίεσσόαι
346 2874 401 2932 καί
424 2868 546 2946 ἀγαπᾶν
568 2871 660 2932 πλόον
681 2873 760 2954 παρὰ
782 2873 942 2953 πρότερον,
968 2867 1010 2941 ὣς
1035 2869 1097 2933 υίόν
1120 2892 1173 2934 τοο
1195 2875 1329 2956 γνήσιον·

115 2989 212 3074 μηδὲν
246 2985 299 3051 οὖν
331 2991 479 3071 ποιήσητε
512 2987 627 3063 άλλως,
660 2990 739 3070 παρό
772 2991 878 3072 γράφω
909 2990 985 3070 πρός
1018 2985 1102 3060 ἔσάς·
1137 2989 1164 3052 τί
1185 2989 1219 3052 δὲ
1242 2986 1331 3054 οόδίν

117 3107 270 3188 βοόλεσόο
286 3115 386 3180 τοῦτο,
403 3110 519 3188 ίητιῑτο
542 3107 576 3168 δί
592 3110 701 3187 κρίσιν,
719 3104 779 3181 ἐγώ
802 3109 913 3190 ταύτην
930 3102 1017 3168 οὐδὲν
1032 3107 1085 3190 τήν
1100 3108 1218 3184 καλόω,
1233 3130 1331 3191 προσ·

117 3227 204 3306 ίχιτο
230 3224 279 3297 δὲ,
307 3226 413 3306 μήπως
439 3233 519 3307 φανῇ
546 3221 588 3293 τίς
615 3220 689 3292 ίσᾱς
716 3223 802 3305 βαρό.
834 3227 983 3306 ποιήσατο
1016 3232 1100 3299 γοόν,
1129 3221 1203 3307 ὅπερ
1226 3229 1332 3311 γράφω

117 3343 171 3404 καὶ
188 3341 398 3422 ’συμβουλοόω
422 3337 468 3402 ὅτι
489 3347 577 3402 τοῦτο
601 3342 746 3422 συμφόρει
768 3339 811 3411 τίς
834 3337 918 3416 eoae,
939 3343 993 3402 καί
1015 3338 1068 3402 ἐὰν
1089 3343 1247 3425 ποιήσητι,
1271 3362 1332 3405 κα-

118 3460 185 3530 δώς
208 3462 324 3542 γράφω,
347 3457 500 3542 ιίρηνιυιήν
521 3460 719 3530 κατάστασιν,
742 3459 809 3518 τότε
830 3460 948 3539 πίμψον
969 3459 1023 3519 καί
1044 3457 1081 3518 σό
1103 3461 1157 3518 καί
1177 3455 1193 3519 δ
1217 3479 1333 3541 μητρο-

120 3577 250 3659 πολίτης
267 3573 448 3658 ἀνθρώπους
470 3597 537 3650 σας,
561 3572 606 3637 ὅτι
629 3577 662 3636 τό
685 3579 822 3656 γνωρίσω
844 3577 897 3636 καί
919 3571 989 3649 ίγώ,
1012 3570 1067 3636 καὶ
1088 3575 1156 3636 πότι
1171 3575 1273 3656 μέλλω
1297 3597 1332 3638 σο

124 3693 243 3772 άγαπάν
265 3697 319 3756 καί
341 3691 401 3770 λγώ
423 3691 478 3756 καί
499 3691 649 3765 οόεασθαι
670 3691 724 3754 καὶ
750 3689 927 3774 ιόλογήσοιν
960 3695 1014 3753 καί
1042 3694 1250 3774 σογχωρήσιιν
1283 3697 1335 3756 καί

125 3812 206 3894 ίχιιν
229 3809 270 3882 ώς
292 3809 355 3874 υίόν
379 3833 436 3894 μου
459 3815 591 3894 γνήσιον.
616 3813 749 3887 γνωστόν
772 3809 849 3872 ἔστω
872 3829 921 3872 σοι
942 3813 996 3872 καί
1014 3817 1112 3884 τοόιο,
1136 3805 1183 3872 ότι
1197 3805 1217 3893 ή
1231 3815 1335 3892 παρό-

127 3932 213 4010 βασις
235 3937 287 3990 τοό
310 3929 480 4013 φιλήματος
502 3938 555 3991 τοῦ
579 3937 711 4011 σταυροῦ
734 3925 813 3991 ἔστιν
836 3925 962 4010 ἄρνησις
984 3935 1038 3990 τοῦ
1059 3929 1150 4002 διοό,
1177 3923 1255 3990 οὕτω
1278 3933 1336 4013 γάρ

126 4047 322 4110 διδάσκουσιν
354 4043 436 4130 ήμάς
469 4055 557 4110 ιοότο
580 4046 610 4110 οἱ
633 4045 715 4124 ἅγιοι
736 4049 878 4129 παιίρις,
913 4041 1001 4128 όιιή
1035 4041 1178 4126 ἔπιορκία
1211 4045 1337 4128 άρνησίς

128 4163 190 4228 ίσιι
221 4172 275 4226 τοῦ
296 4167 384 4237 όιοό,
406 4169 460 4226 καί
483 4162 499 4227 ό
522 4163 733 4249 ἀρνησάμενος
756 4165 806 4225 τόν
831 4165 905 4225 όιόν
941 4165 1015 4244 πρός
1038 4166 1104 4224 τίνα
1136 4160 1230 4224 άλλον
1262 4166 1338 4226 θοόν

129 4283 232 4366 μίλλιι
253 4293 452 4366 καταφυγιίν;
474 4280 577 4363 ίτερος
599 4286 658 4363 γὰρ
680 4282 754 4350 θοός
777 4277 834 4342 οόκ
858 4277 923 4340 ἔστι
947 4280 1024 4361 πλήν
1047 4287 1099 4340 τοῦ
1132 4281 1210 4340 θεοῦ
1242 4277 1338 4363 ήμών.

130 4399 158 4462 οἱ
189 4398 273 4478 άγιοι
306 4396 473 4462 ἀπόστολοι
494 4404 548 4461 καί
569 4396 712 4482 ήμίτοροι
732 4401 862 4478 παιόρος
888 4401 941 4458 καί
962 4400 1021 4478 πρό
1044 4398 1154 4458 τούτων
1188 4393 1204 4457 ό
1237 4400 1340 4479 κόριος

129 4514 211 4600 ήμών
233 4517 349 4602 Ἰησοῦς
371 4495 499 4599 Χριστός
521 4517 718 4580 διδάσκουσιν
739 4509 830 4596 ήμός,
854 4511 899 4577 ὅτι
922 4512 938 4576 ό
962 4512 1172 4596 ἀρνησάμενος
1194 4517 1244 4576 τόν
1265 4517 1341 4578 βιὸν
