3258 5282
1256 327 1317 388 40⁹

106 515 302 596 Λντιοχείας,
326 513 434 594 γράφει
455 509 489 570 δε
513 507 573 592 ἤδη
595 513 649 570 καί
670 510 744 590 πρός
767 509 820 592 τήν
843 507 981 592 ἱερότητα
1005 505 1096 592 ύμῦν,
1119 506 1160 579 ιὀς
1183 505 1315 580 ἃν,υ“ινα-

93 636 248 714 λαβόντες
269 634 324 692 ιιαί
345 623 428 711 ὑμεῖς
447 630 538 711 ίήλον
558 631 770 708 πνευματικόν,
785 632 921 712 γράψητε
936 639 1046 700 ιιοινῦς
1062 633 1139 711 μετὰ
1154 637 1207 691 τοῦ
1222 625 1318 705 ἁγιω-

94 757 192 815 τάτου
214 753 404 832 πατριάρχου
425 744 507 830 ὑμῶν
528 750 604 828 πρός
626 749 679 828 τήν
700 744 786 830 ήμῦν
806 753 987 832 μετριότητα
1008 753 1062 811 ιιαί
1084 751 1138 832 τήν
1160 753 1252 812 θείαν
1268 752 1321 810 ιιαί

95 872 187 954 ἱερὰν
211 869 348 943 σύνοδον,
361 865 440 939 ὅπως
464 867 558 951 ἔχητε
581 870 704 950 γνύμης
726 866 769 937 εἰς
791 865 952 942 τοῦτο,ῗνα
974 879 1101 952 γνῶμεν,
1115 867 1141 930 εὶ
1164 865 1240 949 ἅπερ
1263 869 1315 930 λί-

92 1011 142 1066 γετ
166 987 306 1070 όΤύρυυ,
330 987 437 1068 ἀληθῆ
460 986 543 1060 εἰσιν,
568 985 626 1047 εἴτε
648 990 702 1047 καί
725 989 776 1068 μή.
800 991 926 1069 γίνηται
947 987 981 1048 δὲ
1004 992 1058 1049 ιιαί
1072 984 1203 1069 ὑμετέρα
1218 988 1319 1070 γραρή

91 1112 171 1189 πρὸς
194 1103 303 1180 αὐτόν,
329 1109 383 1168 καί
410 1100 488 1168 οὕτω
510 1111 564 1165 τοῦ
590 1107 769 1186 πράγματος
794 1107 1064 1188 προχωρήσαντος,
1091 1107 1200 1174 παθύς
1225 1103 1319 1167 νιαίὸ

91 1235 146 1289 τοῦ
170 1227 298 1288 δικαίου
319 1223 411 1299 λόγος
434 1221 562 1298 ἀπαιτεῖ,
586 1221 784 1305 όπιπρατήσει
808 1227 961 1286 πάντοθεν
987 1221 1114 1306 ὁμόνοια
1136 1227 1189 1284 καί
1212 1221 1315 1306 εἰρήνη

92 1345 136 1415 εἰς
160 1345 219 1426 τήν
241 1349 295 1405 τοῦ
317 1345 394 1402 θεοῦ
412 1341 592 1423 διιιιλησίαν.
609 1341 747 1415 γενύσθιυ
762 1345 859 1402 τοίνυν
875 1337 970 1410 οὕτως
994 1338 1207 1422 ἀμεταθέτως,
1229 1347 1315 1402 παθ-

92 1465 134 1532 ελς
172 1460 351 1544 παραδηλοῖ
385 1455 452 1540 ύμῖν
477 1456 498 1541 ή
532 1461 691 1540 μετριότης
717 1453 812 1540 ήμῶν,
839 1463 1107 1544 πεμφθησομένων
1134 1463 1318 1542 γραμμάτων

91 1579 130 1642 δι’
154 1579 334 1663 όπιμελείας
354 1581 429 1661 πρὸς
451 1574 545 1660 αότήν
567 1584 620 1659 ιής
643 1573 724 1658 ὑμῶν
746 1575 909 1660 ἱερότητος.
936 1575 956 1660 ή
980 1582 1070 1662 χάρις
1095 1586 1148 1641 τοῦ
1170 1583 1248 1641 θεοῦ
1272 1578 1319 1661 εἵη

94 1698 166 1782 μεθ’
190 1695 276 1781 ὁμὸν
297 1701 327 1776 †.

176 2052 232 2116 lv.
247 2055 268 2129 †
282 2049 321 2115 Οἱ
335 2049 367 2113 ἰν
382 2061 420 2134 τη
437 2047 592 2133 α’γιεντάτη
616 2050 802 2140 μητροπόλει
817 2050 910 2134 Σίδης
933 2047 1144 2133 εὑρισκόμενοι
1165 2053 1317 2134 πληριιιοί,

93 2171 254 2254 ἱερειμόνοι
274 2175 330 2234 καί
351 2169 368 2232 ό
391 2171 496 2240 λοιπός
518 2166 598 2240 ἅπας
619 2173 828 2252 χριστύνυμος
850 2177 903 2232 τοῦ
924 2173 1031 2253 κυρίου
1052 2171 1140 2243 λαός,
1169 2171 1201 2232 ἐν
1222 2179 1317 2254 πυρίιρ

93 2297 186 2353 τίεινα
209 2289 356 2373 ἀγαπητὰ
377 2297 431 2371 τῆς
452 2285 538 2373 ἡμῶν
561 2290 764 2372 μετριότητος.
790 2291 887 2370 χάριν,
910 2285 1041 2372 εἰρήνην,
1065 2287 1152 2350 όλεον
1167 2293 1220 2351 καί
1235 2288 1312 2352 ἄλλο

93 2421 150 2472 πάν
173 2408 301 2484 ἀγαθὸν
322 2410 378 2469 παί
403 2410 550 2490 σωτήριον
576 2405 739 2490 ἐπεύχεται
764 2401 832 2489 ύμῖν
859 2402 972 2468 ἅπασιν
997 2401 1017 2489 ή
1046 2411 1206 2489 μετριότης
1231 2403 1317 2490 ἡμῶν

93 2528 151 2590 ἀπὸ
185 2531 266 2590 θεοῦ
298 2529 553 2607 παντοκράτορος.
577 2522 728 2589 ἀτύτῦν
761 2524 1024 2608 διακομισθεντιον
1061 2528 1246 2608 γραμμάτιον
1279 2537 1317 2611 τη

95 2644 178 2728 ἡμῶν
202 2646 376 2727 μετριότητι
396 2647 450 2706 ταί
472 2654 509 2726 τῇ
530 2647 598 2726 περί
621 2641 715 2726 αὐτήν
736 2644 811 2724 θεία
831 2649 885 2706 καί
900 2642 970 2726 ἱερά
995 2645 1112 2726 συνόδῳ
1130 2653 1183 2706 τοῦ
1200 2665 1317 2728 μητρο·

94 2765 219 2827 πολίτου
242 2761 325 2846 ύμῦν
347 2761 557 2846 οὶιιειοχείριιν
579 2757 674 2825 αότού
696 2761 858 2844 δγνάρισεν
881 2759 969 2846 αύτη,
993 2759 1052 2826 ύσα
1072 2764 1241 2848 βλάσφημα
1262 2769 1317 2827 καί

94 2881 229 2965 δυσσεβῆ
252 2884 507 2967 παραρθόγγτται
528 2885 611 2944 πατὰ
636 2890 691 2964 τῆς
717 2889 770 2944 τοῦ
797 2883 875 2943 θεοῦ
904 2881 1075 2965 ἐκκλησίας
1101 2887 1155 2944 καί
1182 2892 1239 2945 τεῦν
1262 2881 1316 2966 ὀρ-

97 2981 233 3073 θοδόξιον
261 2995 370 3084 αότής,
398 3003 640 3082 προστιθόμενος
673 2996 844 3076 ἀλογίστως
869 3005 924 3063 παί
950 2997 1083 3082 ἀμαθοῦς
1110 3011 1171 3072 τοίς
1204 3003 1317 3064 δυσσε-

96 3121 190 3196 βίσσι,
213 3117 257 3201 τῷ
277 3139 310 3180 τε
331 3117 489 3200 Καλαβρῲ
502 3101 730 3200 Βαρλαὰμ,’τῷ
743 3119 936 3202 λατινόφρονι
959 3117 1076 3195 ἒπείντρ,
1098 3122 1153 3181 παὶ
1175 3121 1217 3200 τῷ
1240 3117 1317 3202 όμύ-

94 3255 177 3317 ρρονι
199 3236 571 3318 θεείνιρ,Ἀιιινδύνῳ,ειαί
593 3247 655 3306 τοῦς
677 3237 789 3298 τούτων
812 3232 938 3306 θπαδοίς
959 3239 1014 3298 καί
1036 3233 1213 3322 δμόρροσιν,
1237 3235 1317 3298 οἵτι-

95 3372 141 3423 νες
161 3356 323 3436 προδήλως
345 3352 506 3436 ἀρνοῦνται
527 3355 581 3436 τήν
603 3356 694 3418 θείαν
715 3355 805 3437 χάριν
820 3357 875 3415 παὶ
894 3351 1047 3434 ἐνάργειαν
1073 3355 1127 3438 τήν
1140 3355 1245 3437 ποινήν
1261 3355 1314 3436 τής

97 3478 331 3552 τρισοποστάτου
352 3475 503 3556 θεότητος
523 3475 578 3535 καί
592 3475 627 3535 τύ
644 3474 807 3535 θειότατον
822 3483 886 3558 φύς
902 3481 956 3556 τής
971 3481 1024 3534 τοῦ
1038 3479 1145 3555 πυρίου
1160 3493 1315 3555 μεταμορ-

100 3594 235 3672 ρεύοεως·
262 3591 443 3673 μεταλαβὼν
471 3595 569 3653 τοίνυν
596 3601 649 3676 τής
671 3593 814 3673 τοιαύτης
836 3595 950 3662 τιαιιίας
971 3596 1026 3654 παί
1051 3588 1068 3653 δ
1096 3591 1319 3674 μητροπολίτης

97 3707 185 3792 Σίδης
206 3712 263 3771 εεαί
284 3703 364 3778 όλιος
385 3717 439 3792 τής
461 3719 514 3772 τοῦ
535 3717 637 3771 ειαιιοῦ
661 3714 769 3792 μοίρας
792 3713 954 3792 γενόμενος
977 3710 1152 3795 βλασφημεῖ
1172 3705 1227 3772 τισί
1245 3708 1318 3770 δια-

99 3825 201 3902 βάλλει
223 3827 279 3910 τήν
301 3824 470 3910 ότιιιλησίαν
484 3829 572 3902 θεοῦ,
589 3825 631 3898 ὣς
652 3827 785 3899 πολλοὺς
800 3829 896 3900 θεούς
917 3827 972 3891 παὶ
992 3831 1147 3912 θεότητος
1167 3831 1316 3910 πρεσβεύ-

100 3963 204 4018 ουσαν,
240 3942 313 4028 ὅπερ
344 3944 408 4008 ἐστὶ
440 3945 543 4028 δόγμα
573 3955 631 4007 τῦν
663 3922 767 4008 άθίον
799 3945 942 4030 όλλήνιον.
982 3945 1023 4019 ύς
1055 3956 1128 4024 γοῦν
1159 3947 1319 4031 προδήλως

59 4038 64 4050 ¹
101 4057 288 4147 άναρανύντα
321 4068 513 4149 συκοφάντην
547 4068 602 4126 καί
630 4065 811 4150 βλάσφημον
840 4065 906 4129 ἔδει
932 4067 986 4150 τήν
1018 4063 1104 4150 ήμῦν
1138 4070 1320 4150 μετριότητα

102 4181 263 4253 ουνοδιιιῦς
296 4180 486 4266 ἀποκηρῦξαι
512 4190 618 4246 τοῦτον
645 4191 699 4267 τής
724 4181 895 4268 λιιιιλησίας
927 4187 1015 4246 θεοῦ·
1051 4185 1116 4246 ἐπεὶ
1148 4184 1182 4246 δῦ
1216 4187 1319 4267 χαίρει

102 4297 311 4382 φιλανθρωπία
331 4297 351 4394 ή
375 4310 432 4364 τῦν
455 4298 659 4380 εὐσεβούντων
681 4283 841 4385 ὁμήγυρις,
866 4307 1038 4384 μιμουμένη
1061 4299 1121 4364 ιιᾶν
1147 4303 1243 4382 τούτῳ
1265 4301 1319 4384 τήν

103 4419 240 4500 λιφαλήν
265 4421 392 4501 ταύτης,
418 4415 486 4501 ήτις
507 4418 587 4482 ἐστίν
616 4415 632 4482 ό
659 4419 802 4500 Χριστός,
836 4421 1173 4505 ριλανθραπευσαμόνη
1200 4423 1254 4482 παὶ
1287 4418 1319 4482 δν

106 4535 192 4616 τούτῳ
213 4537 232 4621 ή
256 4541 418 4620 μετριότης
440 4533 526 4622 ήμῦν
548 4541 603 4600 ταί
623 4534 643 4623 ἡ
666 4541 741 4602 θεία
761 4529 817 4602 ’καί
842 4537 916 4622 ἱερά·
936 4539 1078 4616 σύνοδος,
1107 4539 1222 4623 ἔγραβε
1243 4543 1318 4636 πρός
