3258 5278
307 405 507 466 θεότνευστοι
528 401 725 483 νομοθεσίαι,
749 398 781 473 λζ
800 397 900 482 ἡμῶν,
933 397 974 470 ώς
1005 399 1064 463 ἀπό
1090 407 1190 486 πηγῆς
1212 419 1307 477 τινος,
1333 401 1378 474 είς
1404 422 1437 464 το
1466 408 1532 484 τῆς

307 518 476 604 ἰκκλησίας
497 521 647 604 πλήρωμα
670 517 872 604 ἐξεχύθησαν.
901 517 965 582 όπεί
990 524 1087 580 τοίνυν
1116 521 1192 590 θεός
1212 516 1313 604 ἥψατο
1336 530 1390 604 της
1411 517 1536 602 ύμετό-

307 659 363 722 ρας
384 639 526 720 καρδίας,
541 641 596 700 καί
619 635 675 718 όψό
698 645 771 714 γοῦν
793 635 942 713 ἐπόγνιυτε
965 639 1018 721 την
1040 639 1145 720 κοινήν
1168 641 1304 721 μητόραν
1327 641 1380 721 την
1403 635 1534 720 όκκλη-
1597 633 1598 658 ό

308 761 391 832 σίαν,
417 753 455 840 η’ς
481 765 626 819 τοσοῦτον
654 755 856 839 ἱχωρήσθητε
884 759 1010 838 χρόνον,
1038 759 1092 818 καί
1123 757 1282 820 διαπτύετε
1315 761 1368 818 καί
1395 757 1537 836 βδελύτ·

308 877 415 951 τισθε,
443 878 497 938 καί
522 876 677 945 παντελῶς
704 872 935 954 ἀποβαίλλτσθε,
964 875 985 935 δ
1011 883 1117 944 κακῶς
1144 873 1316 958 όφρόνησαν
1343 871 1372 935 οἱ
1394 877 1537 955 πατέρες

309 969 405 1076 ύμῖῖν,
430 989 477 1055 ἐπί
498 1003 700 1078 καταστροφῇ
727 1002 784 1054 τών
811 989 913 1074 ὀρθών
939 1000 993 1076 τῆς
1015 989 1184 1075 όκκλησίας
1206 993 1368 1074 δογμάτων
1390 997 1445 1055 καί
1469 1012 1538 1075 νη-

308 1115 439 1194 πιότητα
466 1115 520 1172 καί
548 1109 674 1187 ἄγνοιαν
700 1101 825 1173 όκείνων
851 1114 1108 1186 καταγινώσκετε,
1130 1113 1185 1173 καί
1207 1109 1384 1194 ὁμολογεῖτε
1412 1119 1542 1192 τρανῶς

311 1233 365 1314 την
388 1229 553 1314 ἀλήθειαν,
576 1231 629 1290 καὶ
651 1228 769 1302 ἀξιοῦτε
791 1233 844 1290 καί
866 1226 1014 1290 ἱκετεύετε
1038 1233 1117 1311 μετὰ
1135 1232 1254 1312 θερμοῦ
1278 1233 1330 1290 καί
1353 1229 1448 1312 ζηλου
1471 1231 1538 1290 καί
1599 1293 1600 1324 3

309 1352 420 1422 πόθου,
435 1348 668 1430 προσδεχθηναι
684 1342 761 1428 ύμας
785 1345 826 1417 είς
848 1347 941 1419 δόξαν
963 1353 1016 1408 τοῦ
1038 1350 1077 1409 τὰ
1097 1349 1197 1409 πάντα
1217 1347 1424 1429 πεποιηκότος
1447 1348 1540 1408 θεοῦ

307 1471 362 1528 καί
383 1469 509 1547 πατρός,
537 1469 566 1527 τί
592 1463 669 1528 ἄλλο
695 1475 822 1548 ποιησαι
847 1460 929 1548 ἡμᾶς
956 1463 1020 1526 ἔδει
1041 1461 1062 1550 ἡ
1085 1465 1248 1548 σπλάγχνα
1270 1462 1434 1547 οἰκτιρμῶν
1457 1459 1539 1546 ύμῖν

311 1585 478 1658 όπανσῖζαι,
500 1589 553 1646 καί
577 1581 618 1654 εὐς
640 1581 721 1654 υἱούς
743 1586 794 1646 τόν
820 1583 900 1644 ίδιον
928 1583 1141 1660 όπεγνωκότας
1166 1587 1282 1665 πατόρα
1308 1585 1362 1645 καί
1386 1582 1541 1666 πρυσλα·
1600 1631 1601 1636 ,

308 1703 370 1782 βεῖν
392 1705 445 1764 καί
468 1703 697 1784 προσδίζασθαι
719 1703 773 1762 καί
794 1708 927 1783 χαρῆναι
953 1706 992 1762 τὰ
1019 1702 1154 1784 μάλιστα
1179 1704 1233 1762 καί
1255 1704 1419 1783 μονονουχὶ
1444 1720 1536 1763 παν-

308 1825 464 1904 ηγυρίσαι,
491 1817 551 1895 ὅτι,
578 1819 631 1890 οὓς
658 1819 784 1902 νεκρούς
812 1821 1008 1903 όνυμίζομεν,
1035 1817 1077 1890 ώς
1100 1824 1214 1891 ζώντας
1235 1817 1368 1902 δρῶμεν,
1396 1823 1452 1882 καί
1476 1817 1540 1892 οῦς

310 1935 510 2010 ἀπολωλότας
542 1937 770 2020 όλογιζόμεθα,
807 1939 931 2008 τούτους
967 1941 1160 2020 σωζυμόνους
1198 1932 1325 2022 εύρομεν
1356 1940 1441 2000 κατὰ
1474 1939 1541 2022 τήν

309 2051 460 2139 ἡμετίραν
487 2052 598 2140 εύχήν;
625 2056 652 2118 εί
677 2061 736 2138 γὰρ
762 2053 778 2119 ὁ
807 2053 1007 2133 εύαγγελικός
1034 2059 1133 2139 γάμος
1162 2057 1277 2127 όκεῖνυς
1306 2057 1378 2126 τούς
1405 2057 1443 2118 λκ
1471 2066 1540 2119 τῶν

308 2172 387 2238 ύδών
409 2179 462 2236 καί
484 2184 629 2260 ρραγμών
652 2176 700 2237 όπί
721 2176 755 2236 τό
782 2175 900 2237 δεῖπνον
928 2176 1146 2256 μετακαλεῖται
1168 2177 1222 2238 καὶ
1244 2183 1298 2258 τῆς
1318 2185 1536 2260 πνευματικῆς

307 2293 491 2364 πανδαισίας
514 2293 707 2376 ἐμπίπλησιν,
729 2287 816 2376 ἡμεῖς
832 2289 914 2375 ὑμᾶς
933 2295 1002 2364 τοῦς
1025 2289 1114 2362 ὄντας
1136 2297 1209 2354 ποτό
1233 2293 1339 2378 φίλους
1354 2297 1409 2356 καί
1431 2291 1536 2356 ἀδελ-

310 2414 397 2497 ρούς,
419 2417 473 2474 καί
494 2421 547 2496 τῆς
571 2397 663 2495 αύτης
689 2408 758 2496 ἡμῖν
786 2421 1007 2484 κοινωνοῦντας
1034 2416 1197 2496 τραπέζης,
1227 2409 1263 2474 ού
1284 2413 1535 2494 παραδεξόμεθα

308 2535 546 2612 μετεγνωκότας,
575 2527 646 2593 ούδὲ
672 2533 936 2614 παραληψόμεθα,
970 2532 1202 2613 διορθώσεσθαι
1233 2532 1535 2615 κατεπαγγελλομύ-

309 2668 391 2721 νους,
419 2645 495 2730 ἅπερ
523 2646 552 2709 οἱ
582 2653 709 2731 πατῖρες
742 2645 823 2730 ὑμῶν
855 2647 886 2720 ἐξ
918 2647 1064 2729 ἀβουλίας
1097 2649 1284 2733 όφρόνησανγ
1315 2653 1369 2711 καί
1400 2659 1464 2718 πώς
1494 2646 1535 2710 ἂν

310 2762 403 2826 αὐτοῦ
424 2765 556 2847 Χριστοῦ
584 2771 712 2851 μιμηταί
734 2771 900 2848 γενώμεθα
922 2775 975 2829 τοῦ
998 2769 1048 2828 τόν
1073 2767 1186 2849 Πέτρον
1208 2771 1374 2849 θερμόντι
1396 2771 1451 2828 καί
1472 2788 1532 2830 πε-

309 2886 438 2965 ριπαθὲς
460 2885 654 2968 δακρύσαντα
682 2888 759 2967 μετὰ
786 2888 839 2968 την
866 2883 990 2968 ἄρνησιν
1017 2885 1281 2968 παραδεξαμένου,
1308 2890 1363 2946 καί
1389 2888 1441 2948 τόν
1468 2887 1534 2968 λη·

310 3001 382 3083 στην
410 3003 658 3084 συγκληρονόμον
685 3003 832 3083 λαβόντος
855 3011 907 3063 τοῦ
928 3003 1117 3084 παραδείσου
1140 3011 1212 3086 μιᾶς
1234 3011 1334 3088 ροινης
1355 3001 1480 3079 ύνεκενς
1505 2999 1534 3066 εἰ

310 3118 345 3180 δὲ
372 3123 425 3180 καί
453 3125 536 3202 χαρὰ
563 3125 677 3194 γίνεται
705 3119 735 3180 ὲν
763 3117 881 3204 ούρανιρ
911 3119 959 3183 ἐπί
984 3120 1027 3183 ἑνί
1055 3121 1226 3204 ἁμαρτωλῷ
1252 3130 1450 3205 μετανοοῦντι
1475 3125 1533 3182 καί

311 3245 383 3317 μιᾶς
405 3237 545 3319 δραχμῆς
576 3235 692 3320 εὕρεσις
714 3236 825 3323 ἡδονὴν
849 3238 987 3322 ἄρρητον,
1011 3237 1051 3311 ὡς
1074 3245 1112 3302 τὰ
1134 3239 1207 3302 θεῖά
1227 3261 1303 3325 ,φησι
1318 3242 1419 3316 λόγια,
1442 3237 1533 3322 ἡμεῖς

311 3351 390 3436 ύμας
417 3351 488 3416 όλον
516 3355 608 3427 ἔθνος
636 3361 715 3438 μίγα
749 3380 780 3419 τε
806 3359 882 3419 πολύ
915 3363 968 3420 καί
997 3367 1156 3441 πανταχοῦ
1188 3358 1428 3440 διαβεβοημένον
1455 3360 1533 3438 πρὸς

310 3468 391 3555 ἡμᾶς
420 3475 596 3560 ἐπιστρίρον
624 3480 678 3536 καί
706 3474 882 3560 ὁμορρονεῖν
915 3473 1152 3559 ὑπισχνούμενον
1184 3479 1238 3537 καί
1264 3473 1420 3558 δμοδυζεῖν
1447 3479 1533 3537 κατὰ

310 3593 421 3664 πάντα,
445 3588 480 3652 ού
503 3597 674 3676 συνυίψομεν
698 3591 830 3668 ἑαυτοῖς,
860 3590 922 3656 ούδΙ
950 3592 991 3664 ὡς
1020 3593 1118 3656 οἰκεῖα
1144 3595 1411 3676 περιποιησόμεθα
1438 3595 1532 3677 μέλη,

311 3705 351 3769 ὧν
374 3711 416 3790 τῴ
437 3711 582 3792 χωρισμιρ
603 3716 859 3796 σπαραττόμεθα;
883 3709 918 3776 ού
941 3721 1028 3774 τοῦτο
1053 3717 1160 3794 νόμος,
1184 3709 1345 3796 ἀγαπητοί,
1369 3719 1422 3772 τοῦ
1446 3711 1530 3789 ἀγα·

311 3827 377 3886 θυῦ·
393 3847 425 3887 τε
447 3831 500 3888 καί
521 3829 617 3908 πρᾴου
639 3834 692 3892 καί
714 3827 867 3913 εἰρηνικοῦ
889 3833 1073 3913 πνεύματος,
1096 3820 1163 3891 ἀλλ’
1186 3827 1247 3912 ἤδη
1271 3835 1324 3891 καί
1346 3831 1444 3912 θύραν
1462 3829 1531 3912 ύμῖν

311 3937 512 4022 ύπανοίγομεν
540 3953 703 4026 μετανοίας
733 3953 786 4009 καί
811 3949 1092 4030 προσκαλούμεθα,
1127 3945 1168 4017 ὡς
1202 3951 1313 4030 γνήσια
1339 3953 1447 4021 τόιτνα,
1477 3953 1532 4009 καί

312 4059 383 4141 μεθ’
406 4059 491 4144 ἡμῶν
514 4065 693 4146 βουλόμεθα
722 4077 828 4149 στῆναι
855 4069 908 4126 καί
934 4077 1022 4148 κοινῇ
1050 4068 1102 4148 την
1130 4067 1238 4147 τριάδα
1265 4067 1408 4139 δοξάσαι,
1438 4069 1532 4147 μόνον

313 4179 339 4240 εἰ
362 4184 439 4262 μετὰ
462 4177 564 4256 ύγιοῦς
591 4188 783 4266 φρονήματος
813 4189 864 4247 καί
893 4189 1038 4268 καθαρᾶς
1066 4189 1187 4266 γνώμης
1218 4181 1271 4246 καί
1300 4184 1532 4247 ἆνεπιθολώτου

311 4297 440 4377 καρδίας
462 4298 514 4379 τὴν
537 4295 608 4381 μεθ’
623 4295 708 4382 ἡμῶν
731 4299 912 4364 ἀσπαίσεσθε
934 4301 1055 4376 ἕνωσιν,
1079 4306 1132 4363 καί
1156 4299 1255 4384 ὥσπερ
1279 4301 1425 4384 χείλεσιν,
1449 4297 1531 4364 οὕτω

310 4417 364 4474 καί
393 4413 514 4495 διανοίιρ
544 4421 708 4502 φρονήσετε
738 4424 792 4480 καί
823 4422 967 4502 κηρύξατε
999 4421 1051 4502 την
1083 4430 1140 4482 τών
1168 4421 1329 4500 δογμάτων
1360 4416 1527 4500 ἀληθειαν,
