3314 5266
295 307 358 372 524

299 504 426 558 στιανών
449 491 588 558 ἀπώλεσε
611 496 665 556 καί
686 494 852 578 διέφθειρε,
885 493 990 576 διόπερ
1014 491 1235 578 ἀφωρίσθησαν
1269 493 1297 558 οἱ
1320 491 1414 581 ῥηγες
1435 499 1526 580 παρὰ

299 622 352 678 τοῦ
375 612 537 697 ίτρωτάτου
560 613 780 697 μητροπολίτυυ
795 612 915 695 Κυόβου
931 617 985 676 καί
999 615 1101 697 πάσης
1115 611 1252 688 Ῥωσίας,
1276 614 1309 676 ἐν
1332 612 1412 696 ἁγίιρ
1426 617 1525 678 πνεό-
1652 653 1653 670 ι

302 753 376 816 ματι
399 729 559 816 ἀγαπητοῦ
582 731 717 816 ἀδελφοῦ
740 739 794 814 τῆς
815 727 901 815 ἡμῶν
924 735 1119 814 μετριότητος
1141 735 1196 794 καί
1211 733 1455 816 συλλτιτουργου,
1479 731 1526 805 ὥς

298 853 527 938 καταφρονηταί
558 855 619 914 καί·
644 853 820 932 παραβάται
842 861 900 912 τών
923 849 1052 914 ἐντολῶν
1074 861 1127 915 τοῦ
1149 853 1226 914 θεοῦ
1252 858 1387 916 καὶτῶν
1421 850 1524 934 ὅρκων

298 976 353 1034 καί
385 981 442 1034 τών
464 973 626 1054 συνθηκών
650 965 756 1044 αὐτῶν,
780 970 800 1032 ά
823 971 861 1053 δὴ
887 973 985 1032 πάντα
1007 967 1026 1054 ἡ
1050 975 1209 1055 μετριότης
1241 967 1327 1056 ἡμῶν
1361 970 1522 1054 ἐγνώρισε,

299 1089 368 1152 λίαν
403 1089 479 1171 βαριέ
511 1086 693 1172 ἡγησαμένη
727 1096 815 1150 τοῦτο
841 1093 923 1150 κατά
945 1099 1002 1150 τών
1028 1101 1219 1180 χριστιανιόν,
1255 1091 1408 1174 ἔχεικαὶ
1441 1086 1522 1173 αὕτη

302 1209 425 1279 τούτους
458 1208 497 1290 θη
519 1207 589 1278 τοός
624 1201 721 1290 ῥηγας
744 1205 982 1292 ἀφωρισμένως,
1015 1205 1057 1278 ώς
1077 1213 1159 1272 κατά
1182 1215 1236 1293 Ιτης
1258 1207 1341 1291 ἱεράς
1362 1209 1523 1278 πολιτείας

301 1335 358 1387 τών
391 1336 572 1408 χριστιανών
603 1329 810 1408 πεπραχότας,
844 1325 875 1386 οἳ
895 1329 963 1388 τότε
991 1327 1137 1409 μόλλουσι
1159 1338 1260 1411 τυχεῖν
1292 1329 1523 1410 συγχωρήσεως

301 1440 372 1525 παρ’
406 1437 514 1527 αότῆς,
547 1441 659 1506 όπόταν
682 1447 831 1526 ποιήσωσι
853 1447 934 1507 κατὰ
956 1445 1009 1527 τήν
1033 1449 1206 1530 συμφωνίαν
1227 1449 1282 1514 καί
1303 1445 1373 1516 τούς
1406 1441 1523 1528 ὅρκους

301 1558 408 1637 αὐτῶν,
442 1561 717 1647 ἐκστρατεύσαντες
749 1560 826 1645 όμυώ
853 1567 929 1644 μετά
963 1571 1015 1626 τοώ
1049 1564 1184 1646 μεγάλου
1218 1557 1313 1646 ῥηγός
1344 1566 1427 1626 κατά
1458 1573 1525 1626 τῶν
1654 1627 1655 1636 ,

302 1682 425 1764 ἐχθρῶν
447 1689 500 1744 τοό
523 1687 663 1763 σταυροῦ,
676 1685 729 1743 καί
750 1683 946 1764 προσόλθωσι
967 1685 1020 1744 καί
1040 1687 1235 1764 προσπόσωσι
1254 1682 1296 1765 τῷ
1310 1681 1526 1764 μητροπολίτη

302 1793 414 1880 αὐτῶν,
432 1803 485 1862 καί
507 1797 676 1872 ἀξιώσωσιν
699 1795 790 1863 αὐτόν
813 1803 927 1882 γράψαι
948 1804 1015 1883 περὶ
1037 1803 1144 1862 τούτου
1166 1813 1204 1882 τη
1226 1796 1311 1884 ἡμῶν
1334 1801 1524 1882 μετριότητι,

300 1923 355 1981 καί
376 1915 488 1981 ὁπόταν
511 1921 615 2001 γράψη
639 1915 775 1981 ἐνταῦθα
790 1916 806 1980 ό
822 1919 1056 2002 μητρυπολίτης,
1072 1915 1120 1980 ὅτι
1135 1913 1325 2000 ὑπέστρεψαν
1345 1921 1400 1979 καὶ
1422 1939 1521 1998 μετε-

301 2041 414 2120 νόησαν
438 2041 568 2119 γνησίως
592 2040 649 2098 καί
669 2039 828 2118 καθαρώς,
850 2041 918 2098 τότε
942 2039 1240 2120 συγχωρηθησονται
1260 2039 1344 2116 παρὰ
1366 2045 1419 2118 τῆς
1433 2031 1525 2119 ἡμῶν

302 2159 505 2238 μετριότητος.
530 2151 702 2239 ὀφείλουσιν
735 2150 787 2216 οὖν
811 2157 969 2230 γινώσκειν
992 2150 1086 2227 οὖτοι,
1110 2151 1157 2220 ότι
1180 2151 1196 2215 ὁ
1220 2141 1389 2238 ἀρορισμές
1421 2175 1525 2236 χωρι-

302 2277 380 2356 σμός
414 2271 494 2345 ἐστιν
518 2269 577 2333 ἀπὸ
599 2280 652 2354 τῆς
675 2269 766 2348 ἁγίας
788 2280 841 2334 τοῦ
864 2249 1130 2354 θευόέκκλησίας
1161 2269 1217 2332 καὶ
1238 2273 1388 2354 παντελης
1422 2270 1525 2332 ἀλλο-

302 2397 432 2476 τρίωσις,
454 2393 508 2454 καὶ
531 2397 719 2472 μετανοῆσαι
741 2393 872 2472 γνησίως
893 2393 947 2451 καί
961 2391 1126 2471 οιαθαρώς,
1142 2387 1193 2450 ἵνα
1208 2386 1363 2478 καίιαότοί
1378 2399 1432 2472 τῆς
1448 2392 1523 2452 τυό-

302 2531 355 2573 του
378 2512 602 2593 συγχωρησεως
625 2511 741 2591 τόχωσι
761 2513 843 2590 παρὰ
866 2517 920 2592 της
941 2509 1026 2594 ἡμῶν
1050 2511 1243 2592 μετριότητος
1265 2512 1294 2586 †.

385 2632 405 2706 †
438 2627 544 2712 Εἶχε
579 2631 654 2690 καί
685 2629 758 2690 διὰ
794 2631 1325 2712 τιμίαςπατριαρχικῆς
1363 2631 1527 2712 χειρός

302 2749 368 2810 τό·
403 2752 506 2830 μηνί
536 2747 804 2830 ἰυυνίιρ,ἰνό.
838 2747 865 2830 η’
897 2749 927 2822 †.

558 2933 728 2998 CCLXIX.
746 2931 984 3010 (6878-13wJ
999 2930 1093 2994 iunio.
1109 2931 1172 2994 ind.
1189 2931 1270 2995 VIII.

422 3073 596 3127 Ραίνίατσόα
610 3077 820 3128 excommunicat
834 3074 991 3127 θυιοίαπέετέ
1002 3075 1157 3143 principem
1171 3075 1389 3132 Βυειέειίιίαυιιυε.

394 3223 414 3298 †
447 3217 651 3295 Εὐγενέστατε
685 3223 763 3302 μόγα
798 3214 852 3302 ῥήξ
885 3219 1106 3302 Σμολενίσκυυ,
1139 3229 1196 3303 κόρ
1229 3219 1463 3306 Σρετζιστλάβε.
1496 3219 1519 3306 ἡ

300 3343 459 3422 μετριότης
481 3335 566 3422 ἡμῶν
588 3337 758 3422 ἐγνώρισεν,
782 3337 828 3401 ὅτι
851 3343 929 3422 μετὰ
952 3347 1004 3400 τοῦ
1027 3340 1163 3420 μεγάλου
1186 3334 1281 3422 ῥηγός
1303 3347 1356 3422 τῆς
1378 3337 1521 3415 Ῥωσίας,

299 3469 356 3539 κυρ
379 3456 563 3540 Δημητρίου,
587 3461 803 3542 συνεφώνησας
835 3461 890 3519 καί
916 3460 1075 3539 συνθήκας
1102 3457 1260 3540 ἐποίησας,
1283 3467 1415 3541 φρικτώς
1441 3455 1521 3540 ἐμό-

300 3599 358 3647 σας
390 3579 444 3638 καί
477 3578 527 3636 τόν
560 3580 656 3656 τίμιον
691 3579 743 3637 καί
777 3577 924 3646 ζωοποιέν
952 3576 1080 3654 σταυρόν
1104 3572 1337 3658 ἀσπασάμενος,
1370 3573 1422 3637 ἵνα
1456 3573 1521 3658 μετ’

301 3692 394 3757 αὐτοῦ
417 3691 641 3775 ἐκστρατεόσης
663 3697 744 3755 κατὰ
766 3704 824 3756 τών
847 3692 969 3776 ἐχθρῶν
993 3701 1046 3776 τῆς
1060 3689 1211 3776 ἡμετέρας
1226 3699 1355 3764 πίστεως
1370 3698 1424 3755 καί
1439 3699 1523 3756 κατὰ

301 3825 358 3876 τών
386 3807 514 3896 ’ἐχθρῶν
536 3821 589 3874 τοῦ
624 3821 754 3895 σταυροῦ
780 3823 837 3875 τῶν
859 3813 1064 3894 λατρευόντων
1091 3817 1145 3874 καί
1177 3816 1376 3891 πιστευόντων
1410 3812 1454 3883 εἰς
1486 3815 1522 3876 τό

299 3941 367 4014 πῦρ,
389 3937 444 3994 καί
466 3931 590 4007 ἐκεῖνος,
613 3933 723 4001 καθώς
745 3930 871 4004 ἐτάξατε
892 3935 947 3994 καί
974 3935 1218 4015 σοντφωνησατε,
1251 3929 1346 4012 ἕτοιμ’
1396 3928 1434 4015 ἦν
1466 3935 1522 3994 καί

301 4050 459 4132 ἐξεδόχετο
482 4055 536 4113 καί
569 4055 614 4125 σέ,
648 4050 685 4112 σὺ
707 4051 742 4112 δὲ
765 4047 800 4112 τό
824 4053 915 4132 μόνον
938 4046 995 4110 οὐκ
1018 4050 1176 4132 ἐποίησας,
1199 4051 1309 4119 καθώς
1342 4045 1523 4134 ὁπεσχόθης

299 4175 353 4233 καὶ
376 4167 515 4252 ὤμοσας,
543 4167 624 4234 ἀλλὰ
647 4169 763 4254 μαλλον
785 4171 926 4250 παραβάς
948 4174 1002 4230 καί
1024 4167 1093 4238 τοὺς
1116 4165 1226 4249 ὅρκους
1247 4169 1301 4228 καὶ
1323 4171 1379 4239 τὰς
1402 4171 1523 4250 συνθή-

299 4311 359 4362 κας
380 4287 510 4358 καὶτὰς
532 4284 715 4372 ὑποσχέσεις
738 4293 792 4351 καί
814 4291 847 4351 τό
871 4289 989 4372 φίλημα
1012 4297 1064 4350 τοῦ
1088 4295 1233 4368 σταυροῦ,
1260 4291 1522 4369 συνεστράτευσας

300 4409 341 4492 τῷ
361 4405 525 4489 Οὐργίλδιρ
546 4411 627 4469 κατὰ
650 4419 707 4470 τών
730 4417 921 4491 χριστιανών,
944 4411 998 4470 καί
1021 4405 1233 4490 ἐφονεύθησαν
1255 4409 1309 4466 καί
1332 4403 1521 4488 ἐφθάρησαν

298 4532 467 4612 χριστιανσί
498 4525 619 4600 πολλοί,
652 4523 691 4588 δι’
724 4523 797 4609 ὅπερ
830 4525 964 4610 άφώρισέ
998 4547 1032 4587 σε
1057 4523 1072 4587 ὐ
1097 4523 1258 4607 ἱερώτατος
1292 4525 1523 4609 μητροπολίτης
