3314 5266
1279 297 1342 364 5⁶3

142 482 256 544 σιλτῦσι
275 487 429 569 προφήτην
449 485 548 560 είπιίν,
570 489 624 548 καὶ
645 497 706 558 τοῖς
728 486 892 571 βλεφάροις
914 506 973 568 μου
993 487 1165 570 νυσταγρόν
1186 486 1241 547 καί
1262 483 1340 548 ἐνά-

140 617 247 662 παοσιν
268 611 329 671 τοῖς
349 606 514 685 κροτάφοις
536 625 609 686 μου,
640 602 699 676 ἐας
721 599 756 666 ού
779 601 858 686 εόριε
878 601 966 680 κέγύ
988 605 1078 666 τύπον
1111 605 1153 685 τῷ
1171 606 1266 684 κυρίη
1286 598 1342 663 καί

144 719 287 800 σκήνιιμα
308 721 348 801 τᾷ
366 723 431 803 θεῷ
450 721 569 802 Ἰακοίβ,
591 721 673 805 είπερ
695 725 786 794 τόπος
807 725 886 785 θεοῦ
918 720 973 784 καὶ
1004 725 1152 806 σκήνιεμα
1183 726 1238 783 καί
1268 723 1341 790 ναός

143 830 204 895 ἐστι
235 840 315 898 κατὰ
347 838 415 908 τούς
436 840 540 911 θείους
562 841 721 924 χρησμούς
743 839 776 902 αί
796 842 939 923 καθαραί
963 850 1020 906 τόν
1048 838 1215 923 ἀνθριότειν
1246 841 1342 922 ήυχαί

141 956 194 1014 καί
214 955 303 1025 θείας
324 957 448 1038 χάριτος
468 959 712 1042 πεπληραμίναι,
734 955 772 1042 ής
792 955 880 1042 ἡμεῖς
902 956 1148 1042 ἐκπεπτώκαμεν,
1169 966 1223 1038 τῆς
1235 957 1341 1020 καθυ-

140 1070 225 1146 λιῦῆς
247 1069 412 1156 ἐκκλησίας
434 1073 649 1161 ἀφεστηκότες.
678 1074 752 1138 ύθεν
771 1077 936 1158 πρεσβείαν
959 1073 1175 1148 ἐξαποστείλας
1195 1075 1268 1156 πρός
1289 1073 1341 1135 τύν

140 1191 362 1265 παναγιότατόν
385 1213 442 1274 ρσυ
463 1194 622 1278 όεσπότην,
644 1197 695 1258 τόν
718 1191 928 1276 υίκουμινικόν
949 1195 1153 1275 πατριάρχην,
1175 1192 1342 1274 θεραπείαν

139 1300 300 1389 ᾐτησάμην
332 1316 384 1369 τοῦ
406 1312 544 1372 τοιούτου
565 1320 681 1386 κακοῦ,
713 1311 748 1382 ὃς
769 1313 808 1394 όή
829 1331 888 1374 που
908 1315 963 1374 καί
985 1311 1027 1394 μή
1060 1309 1228 1393 ἀμελήσας,
1260 1307 1341 1372 ἀλλὰ

137 1433 289 1502 πατρικοῖς
311 1425 496 1509 σπλάγχνοις
518 1427 733 1511 ἐπικαμφθείς,
757 1427 954 1502 ἐξαπίστειλε·
970 1430 1021 1489 τόν
1043 1428 1190 1510 δεσπότην
1209 1446 1266 1508 μου
1286 1429 1341 1487 καί

137 1543 250 1621 πατίρα
272 1562 329 1622 μου
350 1547 404 1605 καί
425 1551 479 1628 της
501 1541 577 1628 ἐμής
598 1541 698 1629 ύυχής
719 1546 891 1630 προστάτην
912 1549 966 1607 καί
987 1543 1099 1626 ἰατρόν,
1122 1546 1173 1607 τόν
1193 1543 1341 1624 πανιερύ·

136 1675 224 1718 τατσν
246 1661 465 1744 μητροπολίτην
486 1659 629 1736 Νικαίας,
652 1658 811 1746 ότίρτιμον
832 1667 887 1726 καί
908 1663 1038 1746 ἔξαρχον
1063 1663 1164 1744 πάσης
1185 1660 1340 1734 Βιθυνίας,

135 1766 216 1842 ὅστις
239 1769 338 1836 ἐλθὸν
359 1781 413 1838 καί
432 1780 467 1839 τό
489 1781 668 1862 μεσότοιχον
690 1789 744 1842 τοῦ
766 1789 907 1866 φραγμοῦ
922 1779 1079 1852 όιαλύσας,
1100 1778 1224 1848 πολλοῖς
1239 1775 1342 1859 ίδρῦσι

135 1891 188 1950 καί
206 1893 310 1962 πόνοις
331 1889 542 1978 εἰρηνοποίησε
564 1899 602 1958 τὰ
624 1897 773 1960 διεστῶτα
795 1907 833 1981 ιη
854 1897 982 1978 δυνάμει
1006 1903 1058 1957 τοῦ
1079 1899 1230 1968 παναγίου
1250 1895 1341 1954 πνεῦ-

135 2027 239 2086 ματυς,
271 2011 324 2071 καί
355 2013 528 2096 κατήλλαξε
549 2017 587 2076 τά
609 2017 702 2077 τίκνα
722 2017 797 2097 πρός
818 2014 871 2097 τήν
896 2011 1001 2094 κοινήν
1033 2015 1159 2094 μητίρα,
1192 2011 1341 2091 μεταόοῦς

131 2118 200 2205 ἡμῖν
223 2120 377 2207 άγιασμσῦ
399 2148 432 2189 τε
454 2132 509 2190 καί
528 2139 693 2213 φατισμοῦ,
716 2133 810 2193 θείαν
832 2151 864 2192 τι
885 2133 940 2192 καί
956 2137 1167 2210 πνευματικῶν
1182 2129 1340 2208 χαρισμά-

133 2260 190 2302 τιιν
222 2241 275 2304 όιᾰ
295 2251 383 2306 τοῦτο
404 2243 492 2321 κάγιό
515 2245 684 2328 ἀποθίόιιμι
705 2247 746 2310 δι’
766 2245 859 2311 αύτοῦ
880 2245 922 2330 τῷ
940 2249 1059 2309 πάντων
1081 2245 1198 2325 βασιλεῖ
1211 2248 1266 2304 καί
1286 2244 1340 2306 όε-

136 2362 243 2442 σπότη,
265 2361 307 2442 τῷ
327 2367 421 2443 κυρίιρ
442 2359 527 2446 ήμῶν
548 2363 647 2448 Ἰησοῦ
669 2365 799 2448 Χριστῷ,
822 2375 859 2448 τη
881 2359 1212 2445 καθολτκήέκκλησίιγ
1225 2361 1280 2422 καί
1302 2358 1344 2441 τῷ

133 2479 352 2560 παναγιιοτάτιρ
384 2500 441 2560 μου
473 2479 620 2562 θεσπότη,
653 2483 695 2563 τῷ
715 2479 916 2565 οὶκουμενικιξι
946 2481 1119 2559 πατριάρχη
1151 2480 1253 2546 πάσας
1285 2479 1340 2545 τὰς

135 2589 321 2674 άρπαγείσσς
343 2594 512 2680 ἐκκλησίας
537 2601 591 2659 καί
618 2597 818 2680 μητροπόλεις
849 2599 903 2658 καί
933 2597 1032 2657 πάντα
1064 2597 1103 2656 τόι
1132 2596 1340 2674 πατριαρχικόι
1472 2611 1475 2616 ·

133 2710 240 2774 ύίκαια
262 2709 320 2794 ὅλη
342 2718 420 2796 χειρί
441 2718 496 2778 καί
516 2719 635 2797 γνώμη·
668 2715 767 2776 πάντα
788 2717 847 2796 γάρ
868 2720 965 2776 ταῦτα
985 2708 1042 2775 ύκύ
1063 2713 1117 2794 τήν
1143 2709 1218 2793 ἐμήν
1251 2711 1339 2782 ἐξου-

132 2833 201 2889 σίαν
224 2826 332 2910 ἀρτίως
354 2833 506 2907 γεγόνασι,
539 2829 707 2914 ἀρξαμόνου
730 2852 787 2914 μου
809 2839 862 2894 τοῦ
885 2831 1021 2892 τοιούτου
1042 2831 1215 2909 θεαρίστυυ
1248 2826 1339 2910 ίργυυ

130 2949 185 3006 καί
207 2951 365 3029 σωτηρίου,
387 2945 490 3030 ἐπειδή
513 2957 566 3031 τῆς
589 2947 728 3033 άρπαγής
749 2950 860 3032 ταύτης
890 2944 984 3012 ἐνεκα
1016 2949 1069 3008 καί
1101 2948 1134 3008 τό
1168 2943 1339 3008 σκσίνόαλσν

131 3069 185 3142 της
207 3060 377 3146 ἐκκλησίας
398 3067 507 3146 χρόνον
530 3062 586 3127 υύκ
608 3063 710 3142 ἀλίγον
724 3068 933 3148 προυχώρησε,
955 3067 1009 3126 καί
1027 3060 1047 3147 ή
1062 3064 1143 3144 λύμη
1158 3073 1215 3124 τόν
1231 3064 1339 3125 τοσού-

130 3195 188 3239 τιιν
210 3181 314 3260 ψυχῶν
336 3177 521 3265 τίσεφθάρη·
545 3178 620 3246 ύθεν
643 3187 698 3244 καί
717 3178 738 3266 ἡ
761 3183 887 3264 τοιαύτη
909 3187 962 3242 τοῦ
983 3183 1072 3242 θείου
1086 3179 1207 3242 όικαίου
1223 3177 1338 3242 ἀπόθο-

130 3314 177 3364 ῦις
198 3298 253 3357 καί
274 3292 293 3379 ή
315 3299 389 3379 πρός
411 3300 464 3382 τήν
496 3301 671 3384 καθολικὴν
703 3297 871 3382 ἐκκλησίαν
903 3297 1085 3378 καταλλαγὴ
1116 3300 1171 3358 καί
1203 3293 1338 3378 ύπυταγή

128 3408 190 3482 ίξει
210 3414 245 3474 τό
268 3416 395 3496 μόνιμόν
417 3436 449 3476 τε
470 3421 524 3477 καί
546 3415 739 3479 ἀκατάλοτυν
761 3421 852 3500 μίχρι
874 3423 927 3497 της
951 3415 1123 3483 συντελείας
1144 3420 1197 3473 τοῦ
1220 3412 1337 3485 αίόνος,

129 3525 213 3609 εἴπερ
234 3537 289 3612 της
309 3529 479 3615 ἐκκλησίας
500 3533 632 3615 Χριστοῦ
652 3535 746 3596 πύλαι
770 3529 845 3616 ᾅόου
867 3529 902 3594 ού
924 3531 1159 3612 κατισχύσουσιν
1195 3527 1225 3589 εἴ
1243 3549 1288 3598 τις
1301 3527 1337 3591 .ύέ

128 3654 187 3706 τῶν
210 3643 358 3722 ἁπάντων,
380 3657 438 3709 τιῦν
460 3671 492 3710 τε
514 3657 563 3712 νῦν
586 3646 692 3724 ὄντων,
715 3658 772 3711 τῦν
794 3647 819 3710 τ’
842 3649 994 3728 ἐσομένιιν
1025 3647 1079 3706 καί
1101 3641 1163 3726 μετ’
1196 3641 1251 3724 ἐμὲ
1283 3651 1337 3727 τής

128 3759 197 3823 κατ’
231 3759 286 3844 ἐμέ
317 3767 427 3848 ταύτης
453 3764 678 3848 ἐπειλημμίνιαν
712 3764 825 3849 ἀρχῆς,
859 3763 903 3834 είς
935 3758 1022 3824 ούόίν
1055 3760 1252 3842 λογισάμενοι
1284 3760 1338 3842 τήν

129 3874 243 3941 ίαοτιῦν
266 3885 424 3963 σωτηρίαν,
447 3884 581 3962 παριόιόν
603 3887 658 3964 μίν
680 3885 713 3944 τῦ
729 3891 782 3943 τοῦ
797 3883 875 3942 θεοῦ
894 3881 1022 3950 δίκαιον,
1045 3874 1204 3958 ἀθετήσας
1218 3877 1253 3938 όί
1267 3878 1337 3946 τούς

127 3996 234 4064 θείους
265 4000 319 4058 καί
340 3996 438 4078 ίτρούς
459 4001 606 4072 κανόνας,
641 3995 769 4079 ἁρπάσει
790 3997 879 4058 πάλιν
901 3999 955 4064 τὰς
977 3991 1145 4075 ἐκκλησίας
1177 3995 1336 4076 τολμηρῶς

128 4115 181 4172 καί
203 4109 307 4182 ἀθίιιις
329 4117 384 4174 καί
405 4122 585 4198 τήςκοινής
607 4111 808 4196 ἀποστερήσει
829 4113 951 4194 μητρός,
974 4110 1100 4171 ἐκπόσοι
1121 4119 1174 4192 τής
1196 4117 1249 4171 τοῦ
1271 4108 1337 4171 οίοῦ

129 4235 181 4288 τοῦ
195 4229 280 4289 θεοῦ
301 4237 505 4311 πνευματικῆς
528 4233 691 4312 συναφείας
712 4233 766 4290 καί
797 4231 923 4309 χάριτος
954 4229 1007 4287 καί
1040 4229 1130 4308 ίιυής,
1164 4223 1284 4307 ἐπείπερ
1316 4222 1335 4308 ἡ

128 4350 180 4402 τοῦ
203 4347 343 4426 σώματος
365 4352 417 4406 τοῦ
437 4347 551 4426 μίλυος
573 4344 713 4426 ἀποκοπή
728 4349 782 4406 καί
797 4353 851 4424 τῆς
866 4343 1004 4425 κιφαλής
1024 4339 1088 4402 ἐστι
1102 4344 1266 4424 χωρισμός,
1281 4346 1335 4404 καί

127 4468 216 4540 σῶμα
249 4464 303 4542 μὲν
335 4459 415 4522 ἐστιν
447 4458 651 4544 ήέκκλησία,
673 4459 792 4544 κεφαλή
814 4460 849 4520 δί
871 4455 887 4520 ἀ
909 4459 1050 4540 Χριστος,
1083 4455 1165 4518 ἀλλὰ
1196 4462 1249 4520 καί
1282 4461 1335 4530 τάς

1081 4557 1146 4612 ³6*
