3314 5266
1232 319 1360 386 -ύδί

127 533 187 590 σιν,
210 511 261 578 ἵνα
283 523 412 598 γνῶμεν,
434 511 516 598 είιτερ
538 508 707 598 ἡνῶῦησαν
728 515 782 580 καί
805 506 962 576 δ’τείκσυσι
989 520 1033 596 ,τῇ
1055 509 1131 576 καθ’
1154 509 1237 598 ἡμᾶς
1260 509 1358 590 ἁγιω-

128 636 207 717 τάεη
230 640 285 696 τοῦ
301 635 385 697 Ιδεοῦ
409 632 530 718 μεγάλη
554 630 716 718 ἐκκλησία,
738 635 793 695 καί
815 633 883 693 τότε
906 634 1032 718 γίνηται
1054 634 1089 695 τό
1109 632 1189 697 δίον.
1214 630 1358 718 δρείλου-

128 773 176 816 σιν
199 750 252 816 σύν
274 758 371 814 ταῦτα
392 754 492 814 πάντα
514 754 659 828 γίνεσθαι
681 753 764 817 κατὰ
786 749 840 834 τόν
864 757 1022 832 παροῦσαν
1054 749 1281 834 παρακίλτυσιν
1304 761 1359 838 τ’·ης

124 867 213 956 ἡμῶν
237 873 456 954 μετριότητος,
491 863 569 934 ὅστε
591 870 630 954 δι’]
666 867 798 953 μηδόναΙ
817 864 967 952 εὑρίσκειν
990 863 1092 932 -αύτύν
1126 867 1358 955 ἀμποδισμύνῆ

128 985 301 1072 ἀνάκρισιν,
325 987 406 1052 ἀλλά
428 991 527 1052 πάντα
559 1001 654 1052 ποιεῖν
678 985 852 1064 ἀκωλύτως,
874 991 930 1052 καί
957 989 1052 1070 βάρος
1075 985 1225 1073 ἀπιτιμίου
1248 987 1359 1076 ἀφορι-

128 1118 209 1194 σμοῦ
243 1111 374 1196 λκρωνεί
396 1105 474 1193 αύτη
496 1111 579 1170 κατὰ
601 1117 654 1171 τοῦ
681 1108 958 1192 βουληδησομίνοο
984 1107 1185 1192 διενοχλῆσαι
1219 1103 1301 1191 αδτιρ
1323 1110 1359 1172 εδ

133 1231 261 1294 σύνολον
284 1228 334 1292 ίπί
355 1248 412 1292 τινι
433 1239 492 1291 τῶν
515 1225 691 1312 ἀνηκόντων
714 1223 798 1310 αύειρ
818 1225 955 1304 δικαίων,
979 1225 1028 1298 είς.
1046 1229 1105 1310 γὰρ
1120 1227 1174 1311 την
1195 1229 1265 1309 περί
1286 1227 1359 1291 τού·

131 1371 185 1412 τοο
208 1345 380 1435 ἀσφάλειαν
403 1345 590 1411 ἀπολόλυται
615 1346 657 1430 τερ
690 1345 923 1432 δεομιλτσεάτιρ
946 1346 1103 1428 ίπισκόκιρ
1124 1343 1269 1429 Ἱερισσοῦ
1301 1349 1357 1409 καί

126 1463 236 1547 Ἀγίου
257 1466 373 1550 Ὄρους
394 1471 449 1530 καί
470 1461 491 1552 ἡ
513 1473 655 1550 παροῦσα
681 1465 826 1549 συνοδική
853 1464 1019 1542 διάγνωσις
1050 1467 1104 1527 καί
1127 1461 1282 1552 ἀπόφασις
1303 1473 1359 1550 τῆς

125 1565 562 1672 ἡμῶνμετριόεητοςκατά
595 1592 714 1669 μῆνα
747 1581 992 1666 ἀπρίλλιον
1025 1593 1101 1669 τῆς
1124 1581 1360 1670 ἀνισταμό-

125 1723 203 1790 νης
239 1703 376 1789 δκεης
406 1703 703 1775 ίνδικτιῶνος
738 1711 811 1766 τοῦ
843 1703 972 1786 ,ςωοξ
1008 1701 1152 1781 ἴγους.

212 1821 250 1887 Ἦ
295 1825 455 1907 μετριότης
498 1819 605 1907 ἡμῶν,
649 1825 760 1894 καθὼς
794 1821 932 1906 εἴρηται,
976 1823 1072 1886 πολύν
1107 1827 1218 1907 χρόνον
1252 1820 1283 1886 δν
1317 1823 1364 1908 κιρ·

129 1941 227 2026 Ἀγίιρ
274 1941 365 2027 Ὄρει
411 1941 620 2026 διατρίψασα,
667 1943 778 2012 καδύς
825 1946 879 2004 καί
927 1939 956 2005 οἱ
1002 1946 1157 2025 περιόντες
1206 1942 1253 2005 ότι
1300 1952 1359 2006 τῶν

130 2061 325 2148 Ἃγιορτιτῶν
358 2065 580 2142 γινώσκουσιν,
614 2061 695 2124 οἶδεν
729 2058 865 2145 ἀκριβῶς
902 2063 962 2152 τήν
993 2059 1057 2124 ἀκεί
1089 2063 1189 2138 τάξιν,
1222 2066 1278 2125 καί
1310 2059 1358 2126 ὅτι

129 2185 199 2246 τότε
223 2185 302 2254 τινός
323 2191 382 2245 τῶν
404 2181 539 2246 δυνατῶν
564 2182 769 2265 ἐπεχείρησαν
792 2181 967 2244 καταλῦσαι
989 2185 1027 2244 τά
1049 2190 1102 2266 τοῦ
1119 2179 1286 2245 δτισκόπου
1309 2181 1360 2248 δί-

129 2321 217 2376 καια,
239 2304 294 2363 καί
316 2297 373 2363 ούκ
393 2299 527 2384 ἴσχυσαν
550 2297 616 2364 ούδ’
630 2298 719 2375 ὅλως,
742 2299 795 2362 διά
817 2307 905 2362 τοῦτο
920 2303 975 2362 καί
991 2297 1067 2373 ούδί,
1079 2308 1130 2364 νῦν
1147 2299 1212 2364 ἔστι
1227 2300 1356 2362 δυνατόν

129 2427 220 2484 τοῦτο
243 2421 402 2497 γενόσῦαι,
425 2417 493 2484 ἀλλ’
517 2419 561 2492 τίς
583 2421 617 2482 εδ
640 2420 781 2504 διηνεκὲς
803 2415 823 2504 ἡ
847 2421 973 2504 τοιαύτη
999 2421 1106 2504 πρᾶξις
1139 2417 1360 2504 ἀπαρασσίλεο·

131 2561 183 2610 τος
207 2543 430 2630 τηρηθηστται.
452 2543 520 2623 περὶ
541 2541 577 2603 δό
599 2549 653 2624 τῆς
674 2549 733 2602 τῶν
756 2539 876 2623 Σίρβων
899 2544 1105 2624 χειροτονίας,
1139 2535 1175 2603 ού
1198 2525 1248 2603 νῦν
1270 2535 1360 2624 ἡμεῖς

129 2659 272 2742 λὲγομεν,
295 2659 337 2742 μὴ
360 2656 517 2744 δεχδηναι
538 2659 650 2742 ταύτην
671 2663 757 2742 παρὰ
768 2668 826 2721 τῶν
842 2655 1046 2742 Ἃγιορειτῶν,
1070 2655 1137 2722 ἀλλ’
1154 2656 1205 2744 ἀρ’
1221 2655 1256 2722 ού
1272 2657 1356 2743 ἒχω-

128 2780 284 2862 ρίσδησαν
306 2787 360 2862 τῆς
382 2774 468 2862 ἡμῶν
491 2782 652 2849 κοινωνίας
674 2781 728 2839 καί
748 2775 922 2860 ἐκράτησαν
945 2780 999 2848 τὰς
1015 2775 1186 2862 ἐκκλησίας
1201 2781 1256 2850 τὰς
1280 2776 1359 2864 ἀνη-

128 2900 247 2968 κούσας
268 2891 339 2984 ἡμῖν
362 2900 416 2960 καί
437 2893 493 2959 ύπό
517 2898 571 2982 τόν
594 2893 669 2959 καθ’
692 2893 774 2982 η”μᾱς
800 2897 938 2981 μεγάλην
961 2899 1015 2960 καί
1040 2897 1217 2982 καθολικὴν
1240 2895 1358 2983 ἐκκλη-

127 3023 200 3081 σίαν
232 3017 391 3092 τελούσας,
424 3013 456 3089 δὲ
489 3013 608 3079 ἀκείνου
641 3013 677 3079 ού
699 3017 844 3100 δόχονται
866 3017 990 3088 τούτους
1014 3015 1083 3080 ούτε
1117 3015 1264 3094 ἀνταῦδιε,
1288 3014 1359 3082 ούτε

129 3135 281 3219 ἀλλαχοῦ,
305 3135 371 3198 όκεί
393 3135 428 3197 δὲ
451 3132 604 3220 ἐζήτησαν
625 3143 677 3198 νῦν
700 3131 854 3219 άνωδηναι
875 3136 966 3199 πάλιν
988 3131 1069 3219 ἡμίν,
1092 3139 1146 3199 καί
1169 3133 1359 3200 ἀπεστείλα-

128 3275 184 3338 μεν
217 3257 272 3317 καί
293 3255 435 3336 πρίσβτις
457 3253 510 3315 διὰ
543 3253 597 3337 τὴν
628 3251 745 3328 ἕνωσιν,
779 3253 832 3314 διὰ
865 3261 953 3316 τοῦτο
988 3253 1110 3338 εἴρηκεν
1141 3251 1160 3338 ἡ
1196 3257 1361 3340 μετριότης

125 3370 222 3460 ἡμῶν,
246 3377 336 3458 μήπω
358 3373 513 3457 δίχεσθαί
536 3391 602 3436 τινα
625 3374 757 3448 τούτους,
779 3369 839 3444 δως
862 3369 899 3435 ἀν
922 3369 1174 3456 ὑποστρεψάντων
1201 3382 1260 3436 τῶν
1281 3355 1378 3458 π’ρίι

127 3495 225 3575 σβεων
249 3497 452 3576 γνωρίσωμεν,
475 3497 503 3554 τί
526 3492 632 3575 μόλλει
654 3493 859 3576 γενήσεσθαι,
882 3493 993 3563 καδιός
1005 3497 1121 3570 γίνεται
1144 3497 1199 3554 καί
1222 3489 1360 3560 ἀνταῦδα

126 3617 211 3698 παρὰ
233 3623 271 3697 τῇ
294 3610 364 3695 ίεριρ
384 3610 441 3676 καὶ
462 3612 584 3695 μεγάλη
608 3613 725 3694 συνόδιρ
747 3615 802 3674 καί
823 3616 907 3694 παρὰ
928 3623 1004 3675 πᾶσι
1026 3625 1089 3684 τοῖς
1111 3611 1218 3684 ἄλλοις
1233 3622 1295 3684 τοῖς
1310 3609 1358 3676 ἀπ’.

132 3727 228 3818 αὐτὴν
251 3733 385 3807 τελοῦσι,
406 3739 495 3794 τοῦτο
519 3739 592 3810 γοῦν
615 3733 749 3809 γινέσθω
771 3736 825 3794 καί
839 3735 923 3815 παρὰ
938 3703 1004 3806 τῶν,
1017 3733 1242 3796 κατοικούντων
1264 3729 1295 3794 ἀν
1318 3755 1360 3818 τιρ

127 3847 224 3933 Ἀγίιρ
247 3849 337 3932 Ὄρει
358 3854 389 3927 †.

213 3971 233 4044 †
270 3966 377 4052 Εἶχε
413 3973 489 4030 καί
521 3969 594 4030 διὰ
627 3973 782 4050 τιμίας
817 3977 1158 4052 πατριαρχικῆς
1195 3967 1361 4052 χειρός

129 4089 194 4150 τό·
235 4085 490 4162 Φιλοῦεος,
535 4085 649 4170 όλόιρ
688 4090 796 4150 θεοῦ
836 4067 1206 4170 ἀρχιετίσκοπος
1243 4083 1357 4154 Κων-

130 4205 577 4282 σταντινουπόλεως,
620 4179 737 4276 Nea<
785 4183 969 4288 Ῥύμης,
1022 4210 1099 4268 καί
1147 4207 1358 4292 οἰκουρε-

129 4325 257 4395 νικύς
288 4327 577 4409 πατριάρχης
608 4328 637 4401 †.
