3258 5282
1271 303 1332 368 439

115 485 135 550 δ
165 494 220 570 τῆς
246 483 591 556 Κανσταντινουπόλεως
616 486 730 567 θρόνος
755 487 807 546 καί
836 487 890 556 τὰς
919 493 976 550 τοῖν
1004 482 1104 548 ἄλλων
1137 497 1331 571 πατριαρχῶν

114 608 241 688 κρίσεις,
263 602 504 686 Ἀλεξανδρείας,
537 595 732 686 ἈντιοχείαςΙ
750 605 810 665 καίΙ
827 601 1041 686 Ἱεροσολύμων
1064 607 1117 666 καί
1139 602 1333 688 ἐπανακρίνει

114 725 170 786 καί
203 723 354 786 διευθετεῖ
379 725 434 786 καί
462 719 674 807 δπιψηρίζεται
698 724 753 785 καί
778 723 812 784 τύ
838 730 931 805 κύρος
957 723 1092 799 δίδωσιν,
1125 721 1167 794 ἁς
1200 721 1229 786 οἱ
1250 725 1333 786 θεῖοι

113 843 245 911 κανόνες
265 841 480 923 διαγορεύουσι
503 843 557 902 καί
583 836 616 902 αἱ
639 841 761 922 πράξεις
790 837 1048 924 ἔπεμαρτύρησαν,
1075 850 1139 911 πῶς
1166 837 1202 903 ού
1229 841 1334 925 πολλερ

113 958 233 1041 μᾶλλον
255 966 309 1043 τῆς
329 967 388 1020 τῶν
408 956 592 1040 Βοολγάρων
614 953 784 1040 όκκλησίας
807 955 823 1022 δ
849 961 963 1041 θρόνος
986 955 1076 1030 σύτυς
1102 960 1207 1041 κύριος
1232 958 1331 1035 ἔσται,
1456 1002 1463 1017 .

111 1073 183 1158 παρ’
206 1072 242 1139 ού
267 1081 323 1140 καί
348 1077 383 1139 τύ
408 1072 620 1158 ὀνομάζεσθαι
643 1079 836 1160 πατριάρχης
862 1063 1034 1160 τειίμηταις
1062 1073 1143 1139 ἁλλόι
1165 1081 1330 1154 γινώσκετε

113 1203 230 1280 σαφεῖς,
254 1190 301 1257 ὅτι
328 1191 410 1276 είπερ
432 1187 490 1256 ούκ
511 1189 549 1278 ην
571 1189 591 1278 ἡ
612 1195 688 1277 πρός
711 1195 762 1256 τόν
784 1189 974 1278 ὑψηλότατον
998 1194 1130 1276 βασιλόα
1151 1204 1210 1258 τῶν
1231 1193 1333 1258 Βουλ-

112 1313 225 1394 γάριιν,
248 1309 280 1376 όν
302 1309 381 1394 ἁγίιρ
398 1311 549 1394 ’πνεύματι
570 1314 775 1394 γνησιώτατον
797 1309 861 1374 υἱόν
876 1321 931 1396 τῆς
943 1308 1030 1395 ἡμιῖν
1046 1315 1253 1397 μετριότητος,
1274 1319 1333 1395 κύρ

111 1427 255 1514 Ἰωάννην
276 1430 328 1492 τόν
347 1427 475 1513 Ἀσάνη,
498 1427 661 1512 είλικρινής
682 1433 789 1512 σχίσις
809 1433 864 1492 καί
886 1430 1027 1500 διάθεσις
1048 1426 1143 1514 αύτῆς
1163 1433 1217 1494 καί
1235 1431 1270 1494 τό
1292 1431 1333 1514 μη

111 1547 293 1632 λυπηθῆναι
312 1555 419 1611 τούτον
440 1547 493 1610 διὰ
515 1549 569 1631 τὴν
591 1549 732 1631 τοιαύτην
755 1545 867 1622 αἰτίαν,
894 1545 977 1631 εἶχεν
999 1544 1059 1610 ἁτύ
1085 1548 1209 1610 δικαίου
1229 1545 1249 1633 ἡ
1275 1569 1334 1632 με·

110 1666 238 1748 τριότης
249 1659 335 1748 ἡμῶν
351 1662 393 1736 ύς
408 1663 621 1749 οίκυυμενικύς
634 1667 835 1748 πατριάρχης,
850 1665 903 1726 διά
918 1673 973 1748 τῆς
987 1671 1040 1726 τού
1050 1663 1182 1746 Χριστοῦ
1195 1668 1333 1748 χάριτος,

109 1777 274 1864 ἀνακρῖναι
295 1785 334 1846 τά
355 1779 425 1846 κατ’
448 1779 539 1847 αύτόν
560 1785 616 1845 καί
638 1779 778 1856 ἐξετάσαι
798 1791 895 1845 ταῦτα
910 1780 954 1852 εὶς
976 1782 1030 1864 τήν
1051 1779 1127 1845 καθ’
1149 1779 1233 1868 ἡμᾶς
1249 1779 1333 1866 ίεράν

110 1901 169 1960 καί
191 1899 329 1984 μεγάλην
351 1900 488 1976 σύνοδον,
510 1897 552 1970 ἁς
574 1903 668 1984 μίχρι
688 1907 742 1962 τού
764 1907 815 1964 νύν
838 1900 879 1984 μὴ
902 1903 1129 1982 γινωσκόμενα,
1155 1903 1210 1962 καί
1230 1897 1251 1984 ἢ
1274 1900 1333 1962 λα·

110 2017 175 2097 βεῖν
198 2024 304 2080 τοῦτον
325 2018 491 2100 διόρθωσιν
513 2016 533 2102 ἢ
555 2027 723 2089 κανονικῶς
746 2013 881 2092 εύθιῖναι,
904 2013 946 2088 ἁς
962 2015 1132 2082 ἁθετούντα
1147 2017 1200 2101 την
1216 2013 1334 2100 ἐκκλη-

110 2139 184 2196 σίαν
205 2111 376 2218 προδήλοις,
400 2133 433 2225 ἒξ
453 2131 502 2221 ἧς,
525 2132 566 2206 ύις
591 2135 741 2207 πολλάκις
763 2135 889 2220 εἴρηται,
911 2137 946 2198 τό
969 2133 1046 2198 εἶναι
1066 2137 1257 2218 πατριάρχης
1277 2155 1334 2198 κε-

110 2253 284 2336 κλήρωται,
306 2251 326 2338 ἢ
350 2256 384 2316 τό
408 2273 443 2330 γε
464 2253 605 2337 δεύτερον
628 2250 835 2338 ἁάυστερησαι
855 2262 961 2318 τοῦτον
982 2261 1036 2318 τού
1058 2255 1196 2317 τοιούτου
1218 2250 1335 2334 δνόμα·

111 2391 176 2441 τος·
199 2367 219 2455 ἡ
241 2371 277 2434 δε
300 2380 354 2435 τοῦ
377 2375 514 2436 τοιούτου
536 2372 689 2454 βασιλίως
711 2370 816 2456 ἁγάπη
830 2375 885 2434 καί
903 2372 1046 2444 διάθεσις
1066 2374 1170 2436 πείθει
1185 2369 1239 2433 ἐᾶν
1255 2369 1334 2434 ἁπο-

116 2490 360 2582 λυπραγμόνητα
382 2498 491 2567 ταῦτα,
520 2494 629 2574 μίχρις
652 2487 689 2554 ἂν
716 2491 881 2572 διόρθωσιν
910 2490 1035 2572 λάβοιεν
1060 2493 1144 2572 παρὰ
1166 2497 1218 2552 τοῦ
1241 2486 1335 2552 αύτού

113 2611 306 2692 πατριάρχου
328 2608 490 2699 Τρινύβουξ
513 2612 567 2672 καί
588 2617 684 2672 ταῦτα
712 2613 767 2692 μίν
788 2611 855 2692 περί
876 2616 929 2671 τοῦ
951 2607 1024 2680 ἑνός,
1041 2607 1220 2693 κεφαλαίου.
1243 2610 1277 2670 τό
1299 2609 1335 2671 δύ

113 2725 152 2811 δὴ
176 2729 331 2809 βαπτίζειν
353 2727 423 2800 τούς
445 2725 533 2811 ίερεῖς
554 2737 612 2790 τῶν
633 2726 820 2810 Βουλγάρων
842 2724 886 2798 είς
913 2729 985 2810 μίαν
1007 2728 1176 2791 κατάδυσιν
1202 2730 1258 2790 καί
1276 2747 1334 2790 πε-

115 2849 313 2928 ριρραντίζειν
336 2843 456 2922 αύτούς,
484 2841 526 2917 ύς
549 2843 666 2929 ἔτυχεν,
689 2840 777 2908 ύδατί
805 2843 870 2907 ἐστι
903 2853 1030 2928 πρᾶγμα
1063 2841 1258 2908 ἀτοπώτατον
1280 2848 1336 2906 καί

112 2961 296 3043 δυσσεβείας
319 2959 506 3045 ἀνάμεστον·
528 2959 548 3046 ἡ
571 2966 630 3046 γὰρ
652 2962 788 3036 διάταξις
802 2971 861 3024 τοῖν
876 2959 971 3039 ἁγίων
994 2961 1120 3036 ἐνδόξων
1147 2965 1201 3024 καί
1221 2979 1334 3024 πανευ-

111 3084 223 3165 ιρημων
246 3079 424 3144 ἀποστόλων
446 3084 500 3144 καί
522 3080 552 3143 οἱ
573 3080 648 3164 ἱεροί
669 3083 780 3144 τούτων
807 3084 935 3154 κανόνες
956 3084 1072 3152 πάντας
1095 3081 1164 3152 τούς
1188 3083 1333 3160 βαπτιζο-

111 3203 224 3282 μίνυυς
246 3198 289 3270 είς
312 3204 383 3282 μίαν
405 3197 647 3275 κατάδυσιν,·ιδς
670 3201 711 3283 μὴ
735 3201 968 3280 βαπτισθίντας,
984 3203 1065 3262 κατὰ
1086 3200 1139 3281 τὴν
1155 3207 1209 3260 τού
1232 3208 1335 3282 σωτῆ-

111 3339 174 3402 ρος
197 3317 378 3400 παράδοσιν,
405 3315 965 3400 ἁναβαπτίζεσθαιεπαρακελεύονται.
992 3321 1048 3379 καί
1075 3313 1140 3379 ἐπεί
1165 3313 1264 3386 πᾶςύ
1294 3318 1336 3400 μὴ

115 3433 341 3520 ἁναγεννηθείς
373 3433 412 3498 δι’
446 3432 558 3508 ύδατος
586 3438 640 3498 καί
664 3436 844 3518 πνεύματος,
871 3438 954 3498 κατὰ
979 3434 1033 3517 την
1059 3431 1260 3516 εύαγγελικὴν
1283 3442 1336 3506 τού

111 3563 251 3638 σωτῆρος
274 3552 443 3640 ἁπόρασιν,
472 3549 529 3617 ούκ
552 3553 758 3616 εἰσελεύσεται
784 3551 826 3624 είς
854 3553 987 3635 τὴντῶν
1011 3547 1144 3634 ούρανῶν
1168 3551 1336 3630 βασιλείαν

112 3673 222 3756 δῆλον,
245 3669 288 3743 ύις
309 3669 327 3734 ύ
350 3674 391 3757 μὴ
415 3673 634 3754 βαπτιζόμενος
655 3674 737 3734 κατὰ
758 3673 812 3755 την
837 3671 980 3754 τοιαύτην
1001 3669 1169 3752 παράδυσιν
1193 3666 1236 3738 είς
1258 3681 1337 3751 τρεῖς

111 3791 300 3861 καταδύσεις
323 3787 413 3861 ίκτός
435 3788 500 3852 ἔστι
521 3799 575 3874 τῆς
598 3789 757 3871 βασιλείας
779 3797 837 3852 τοῖν
859 3784 1003 3871 οὐρανῶν·
1020 3784 1052 3848 αἱ
1073 3789 1132 3868 γάρ
1155 3785 1336 3870 τελούμενοι

109 3907 145 3970 όν
172 3907 218 3991 τεᾷ
244 3907 322 3993 ἁγίιρ
350 3909 535 3992 βαπτίσματι
561 3919 639 3991 τρεῖς
665 3909 849 3978 καταδύσεις
872 3903 932 3991 υύχ
953 3903 1056 3977 ἁπλόος
1078 3910 1142 3982 καὶ,
1165 3904 1208 3976 ύις
1231 3905 1335 3988 ἔτυχε,

112 4029 258 4102 γίνονται,
282 4023 353 4088 οἰλλ>
375 4021 595 4111 ύπεμραίνουσι
618 4029 767 4110 μυστήρια
792 4027 865 4088 θεῖά
893 4047 925 4087 τε
950 4028 1006 4088 καί
1031 4015 1169 4106 ούρὰνια,
1196 4029 1249 4086 τού
1276 4027 1335 4106 γὰρ

111 4151 249 4226 σωτῆρος
271 4139 356 4226 ἡμῶν
380 4155 441 4215 τοῖς
464 4141 564 4222 ἁγίοις
587 4141 680 4206 αύτού
703 4147 858 4227 μαθηταῖς
880 4147 934 4205 καί
957 4141 1140 4214 ἀποστόλοις
1161 4146 1333 4224 παραγγεί-

111 4263 223 4333 λαντος
246 4263 400 4343 βαπτίζειν
422 4265 538 4334 πάντας
561 4261 605 4335 είς
628 4265 661 4324 τό
684 4259 782 4346 ὄνομα
810 4269 862 4324 τοῦ
888 4263 1001 4344 πατρός
1027 4265 1082 4324 καί
1107 4270 1160 4324 τοῦ
1188 4258 1253 4322 οίοό
1279 4261 1334 4321 καί

110 4390 165 4444 τού
189 4378 279 4458 ἁγίου
300 4381 486 4466 πνεύματος,
521 4379 561 4453 τὐς
584 4381 627 4452 είς
650 4383 703 4464 τὴν
725 4383 960 4462 τρισυπύστατυν
982 4382 1073 4444 θείαν
1099 4382 1153 4441 καί
1175 4381 1331 4462 μακαρίαν

111 4503 166 4564 καί
193 4495 371 4584 ύπερούσιον
404 4500 513 4582 τριάδα
541 4502 756 4582 βαπτιζόμενοι
781 4495 869 4582 ἡμεῖς
896 4499 938 4572 εὶς
965 4501 1020 4570 τὰς
1046 4508 1124 4580 τρεῖς
1150 4495 1334 4568 καταδύσεις
