3314 5266
461 603 551 670 ooo.
574 603 658 670 οιτο
674 603 788 686 (1371)
803 601 894 668 maio.
909 602 973 668 ind.
989 603 1046 670 ιιι

122 743 277 801 Maiae
289 747 414 816 ρατίίιιτπ
428 747 611 802 subiectarum
626 746 730 817 Ιοαιιιιί
747 747 881 818 Πορίοιατ
898 745 1061 836 (Πρίρίδιιο)Ι
1076 747 1292 802 reconciliantur
1305 764 1367 800 οκιιι

529 867 642 922 uelocia
660 868 974 938 ιοιισίαιιέίιιοροέέίαωα.

223 1014 244 1090 †
278 1011 443 1095 Πρᾶξις
479 1013 548 1076 έπί
578 1023 627 1098 τη
660 1011 821 1077 ένάσιι
853 1023 934 1077 τῶν
970 1010 1254 1097 έκκλησιῶν,
1291 1019 1368 1096 της

124 1152 178 1195 τε
214 1127 442 1216 ἡμττίρας
475 1137 550 1196 καί
582 1142 658 1218 τῇς
690 1131 884 1217 Σιρβίας
919 1137 950 1212 †.

223 1253 244 1329 †
283 1251 534 1329 Φιλὸδιος,
569 1249 677 1335 λ’λέιρ
710 1254 822 1316 διοῦ
855 1250 1223 1336 ἀρχιιπίσκοπος
1254 1249 1367 1315 Kom-

128 1371 585 1448 σταντινοοπίλιως,
622 1371 738 1444 Νέας
774 1370 956 1457 Ῥιίμης,
994 1375 1072 1435 καί
1108 1369 1367 1456 οὶκοομινι-

128 1491 217 1560 κάς
248 1493 542 1575 πατριάρχης
577 1494 608 1569 †.

222 1607 388 1686 ’ςΦδάνιι
408 1611 468 1692 τρό
491 1613 609 1694 χρόνων
629 1607 691 1695 ἤδη
713 1609 834 1674 πολλῶν
866 1605 1012 1695 ημητηρ
1046 1619 1105 1674 τῶν
1128 1607 1314 1694 έκκλησιῶν,
1346 1608 1367 1697 ἡ

123 1725 292 1812 -άγιωτάτη
326 1731 380 1791 καί
410 1729 570 1813 καθολική
594 1729 716 1812 μεγάλη
743 1725 896 1814 έκκλησία
923 1737 977 1792 τοῦ
999 1729 1144 1813 Χριστοῦ,
1177 1733 1368 1815 στιρηδιίσιι

126 1857 195 1911 τῶν
225 1851 293 1931 περί
325 1851 363 1911 τά
396 1851 475 1932 μέρη
500 1857 554 1933 της
588 1846 719 1930 Σιρβίας
749 1847 835 1911 ἰδίων
869 1849 1117 1932 μητροτάλτων,Ι
1153 1847 1275 1920 άνωθιν
1309 1855 1366 1914 καί

127 1969 169 2042 ie
190 1966 290 2052 ἀρχῆς
312 1963 369 2031 ὑπὸ
392 1969 502 2052 ταύτην
526 1940 686 2044 τιλοοσιον,
720 1965 854 2053 ὁπηνίκα
876 1965 893 2032 δ
915 1977 970 2052 τῆς
989 1967 1119 2051 Σιρβίας
1140 1971 1175 2031 τὸ
1198 1979 1367 2053 τηνικαῦτα

130 2088 266 2170 κράλης,
300 2084 317 2150 δ
349 2096 436 2170 κῡρις
458 2086 614 2174 Στέφανος
640 2085 771 2162 ἐκτίνος,
805 2089 857 2150 τάν
889 2097 948 2150 τῶν
980 2085 1140 2170 Ῥωμαίων
1179 2090 1272 2150 τδπον
1303 2109 1368 2151 πα-

134 2207 282 2288 ραλαβὼν
304 2209 359 2268 καί
381 2208 436 2277 τάς
458 2205 632 2290 έκκλησίοις
655 2203 834 2288 ἀποστήσας
867 2216 906 2289 τη
928 2206 1092 2288 καθολικη
1114 2207 1169 2267 καί
1191 2209 1281 2289 μητρί
1302 2225 1366 2268 πα-

133 2324 295 2406 ραδέδωκε
339 2328 416 2408 πρὸς
470 2327 522 2388 τδν
565 2323 807 2408 άρχιιπίσκοπον
851 2323 969 2388 Πικίοο
1011 2327 1065 2387 καί
1108 2323 1258 2407 Σιρβίας,
1313 2329 1369 2389 καί

133 2440 194 2506 ὑπὸ
227 2445 281 2528 τὴν
315 2442 435 2506 έκτίνοο
468 2441 589 2526 ένορίαν
612 2445 725 2514 τοιάιας
748 2440 998 2528 ἀποκατέστησε,
1032 2443 1096 2506 καὶ·
1120 2441 1369 2528 έχιιροτονούντο

131 2573 241 2635 κακῶς
263 2559 310 2626 ὑπ’
334 2563 452 2627 έκιίνοο
474 2563 530 2627 καὶ
550 2567 735 2649 παρανόμως
758 2563 788 2628 οἱ
810 2575 867 2628 τῶν
889 2559 1045 2649 ἡμετέρων
1074 2561 1249 2648 ἐκκλησιῶν
1272 2563 1366 2649 ἀρχι-

131 2691 213 2764 ιριῐς
235 2687 290 2746 καί
310 2686 490 2766 προστάται,
524 2682 564 2746 δι’
586 2683 607 2746 ά
628 2687 683 2746 καί
706 2680 883 2768 ἀπέστησαν
906 2691 960 2769 της
981 2680 1069 2768 ἡμῶν
1090 2687 1253 2756 κοινωνίας
1274 2679 1368 2757 αδτος

131 2821 168 2864 τι
188 2811 307 2886 πρῶτος
329 2801 347 2868 δ
370 2800 614 2888 ἀρχιιπίσκοπος
636 2801 692 2867 καὶ
713 2801 743 2867 οἱ
765 2803 819 2866 σὸν
842 2799 926 2885 αὐτᾷ
958 2805 1069 2876 πάντις
1091 2805 1146 2866 καί
1168 2798 1294 2886 δοοιπιρ
1316 2799 1366 2867 ὁπ’

132 2915 229 2984 αὐτοῦ
251 2925 308 2994 τὰς
328 2928 521 3008 χειροτονίας
543 2921 727 3007 ἐλάμβανον,
755 2920 908 3006 ἀρχιτριις
931 2943 963 2985 τι
988 2925 1043 2986 καί
1065 2920 1159 3006 ίιριῖς
1174 2925 1230 2986 καί
1252 2923 1365 2986 διάκο·

131 3058 181 3102 νοι
201 3039 257 3104 καί
279 3037 297 3104 ὁ
318 3043 427 3114 λοιπδς
448 3041 602 3126 ίιρατικδς
624 3041 811 3120 κατάλογος.
845 3040 900 3105 καὶ
921 3039 960 3126 ἦν
982 3038 1019 3104 οδ
1053 3043 1161 3126 μικρὸν
1194 3043 1229 3105 τά
1262 3042 1366 3107 διινάν

131 3160 273 3224 τοιοάτοο
294 3163 458 3236 γεγονότος
480 3159 653 3244 σχίσματος
675 3158 706 3222 ἐν
729 3172 795 3232 ταῖς
817 3158 1000 3243 ἐκκλησίαις
1022 3169 1076 3222 τοῦ
1096 3159 1240 3244 Χριστοῦ,
1264 3159 1363 3244 ἀπορ-

132 3283 286 3362 ραγέντων
309 3275 342 3352 λς
364 3277 503 3364 ἀνάγκης
527 3281 580 3341 σύν
603 3293 665 3350 τοῖς
687 3277 798 3363 ἱερεῦσι
821 3283 876 3342 καί
900 3283 1020 3342 πάντων
1042 3289 1101 3341 τῶν
1134 3277 1199 3341 έκιί
1221 3300 1364 3363 χριστια-

130 3409 200 3475 νων,
234 3407 288 3462 τοῦ
321 3401 469 3462 τοσοιίτοο
490 3400 632 3482 πληδοος
653 3403 708 3461 καί
735 3395 950 3482 ἀναριθμήτοο
973 3397 1102 3482 σχιδόν,
1136 3407 1190 3481 τῆς
1224 3398 1363 3482 μιγάλης

128 3521 185 3581 καί
217 3519 396 3602 καθολικῆς
429 3515 610 3603 ἐκκλησίας.
646 3515 710 3580 ἐπεί
743 3518 777 3580 δέ
812 3513 1074 3600 ὁείιτοχέστατος
1108 3516 1261 3600 δεσπότης
1284 3515 1360 3599 Σιρ-

130 3641 223 3720 βίας,
268 3645 354 3720 κῦρις
386 3637 527 3722 Ἰωάννης
571 3633 588 3698 δ
621 3634 823 3720 Οὔγκλισης,
868 3646 921 3699 τοῦ
957 3635 1051 3699 πλέον
1096 3647 1159 3706 τοῖς
1195 3631 1357 3718 ἡμιτέροις

6 3747 8 3836 ss
129 3761 255 3840 μέρισιν
302 3756 478 3834 έγγίζοντος
521 3759 614 3819 τδτοο
654 3757 758 3838 κύριος
791 3759 970 3832 καταστάς,
1015 3754 1180 3836 ἄνθρωπος
1214 3747 1359 3838 ὑπάρχων

130 3880 280 3962 ρράνιμος
301 3879 356 3938 καί
377 3875 476 3946 καλὸς
498 3879 553 3938 καί
575 3877 688 3958 τράποο
710 3879 764 3938 καί
786 3873 992 3959 σονιιδήσιως
1015 3871 1141 3960 οἰγαδης
1163 3877 1219 3936 καί
1241 3875 1292 3936 τάν
1308 3881 1363 3936 τοῦ

6 4033 10 4068 =
128 3997 207 4058 διοῡ
230 3997 327 4080 ράβον
351 3994 473 4057 ίνοικον
498 3998 703 4078 κικιημένος,
737 3989 894 4078 ἠθέλησεν
929 3991 1195 4056 ἐπανασιίσασδαι
1228 3995 1283 4063 τάς
1305 3989 1363 4054 ἰκ-

127 4114 265 4198 κλησίας
287 4117 400 4185 ταύτας
422 4125 460 4198 τη
482 4113 547 4198 ἰδίη
569 4117 654 4198 μιτρί
675 4117 730 4175 καί
750 4114 874 4198 κιραλῇ
896 4123 955 4175 τῶν
989 4112 1175 4195 έκκλησιῶν,
1207 4113 1263 4174 καί
1285 4112 1361 4195 έίή-

128 4254 204 4319 τηστ
228 4241 318 4295 τοῦτο
343 4239 421 4316 μετὰ
444 4231 581 4318 μεγάλης
605 4233 740 4315 σπουδῆς
768 4230 812 4301 ιἰς
836 4232 889 4314 την
914 4225 1000 4314 ἡμῶν
1024 4233 1208 4314 μιτριδτητα
1229 4233 1285 4294 καί
1307 4231 1363 4313 τήν

126 4358 196 4434 πτρί
218 4348 315 4434 αιίτην
337 4349 420 4436 ἱερὰν
443 4357 498 4415 καί
519 4352 657 4436 μεγάλην
682 4351 810 4414 σύνοδον
833 4359 891 4412 τῶν
914 4348 1082 4434 ἱερωτάτων
1117 4347 1286 4432 ἀρχιερέων
1308 4353 1363 4412 καί

127 4468 314 4554 ὁπερτίμων,
348 4475 403 4533 καί
435 4470 556 4550 ἐγένετο
578 4481 667 4532 τοῦτο
691 4473 725 4533 τά
749 4467 907 4551 μέγακαὶ
933 4467 1095 4547 ἀξιόλογον
1118 4469 1209 4552 ἔργον
1232 4463 1361 4552 ιδδοκίη

125 4600 179 4654 τοῦ
204 4589 494 4674 εὶρηνοτοιήσαντος
518 4595 556 4652 τὰ
577 4591 676 4652 πάντα
699 4595 835 4672 σωτῆρος
857 4582 944 4673 ἡμῶν
969 4591 1023 4651 καί
1049 4587 1282 4658 καταλύσαντος
1305 4587 1360 4673 την
