3284 5282
340 315 379 378 18

339 521 397 561 σαν
418 499 637 581 διαπραθηναι,
661 496 702 570 ὡς
725 500 852 584 εἴρηται,
874 503 957 584 παρὰ
977 511 1036 563 τῶν
1051 504 1245 584 κατεχόντων
1264 496 1352 578 αὐτὰ,
1374 500 1488 565 όδικυν
1505 503 1570 581 γὰρ

338 618 382 681 ίνι
404 623 459 682 καί
480 625 561 701 μίγα
583 616 722 702 ίπιφίρον
745 623 780 682 τό
802 625 899 702 κρίμα
924 630 990 690 ταῖς
1015 623 1127 702 ψυχαῖς
1154 629 1213 682 τόν
1234 623 1429 703 κατιχόντιιν
1451 627 1567 690 ταῦτα,

338 741 372 801 τό
394 736 443 800 ίπί
464 739 546 820 λόμη
568 742 622 800 καί
643 744 829 822 καινοτομία
850 745 905 802 καί
927 740 1028 821 βλάβη
1051 747 1109 800 τόν
1131 741 1305 820 προσόντων
1326 749 1387 808 τοίς
1409 740 1568 808 τοιούτοις

338 863 553 940 μοναστηρίοις
579 864 633 920 καί
659 869 721 928 τοῖς
752 869 836 929 ναυίς
862 859 1092 940 κατακυρωόειν
1119 861 1173 920 καί
1198 858 1355 930 διστάζειν
1380 861 1435 920 καί
1460 860 1567 918 κατί-

337 995 403 1060 χειν
425 973 512 1051 αότά,
535 980 576 1040 τά
597 981 656 1059 γὰρ
678 975 759 1052 ἅπαξ
780 977 993 1062 ἀφιερωθίντα
1014 979 1056 1060 τῷ
1080 978 1146 1060 θεῷ
1175 975 1425 1062 ἀπαρεγχείρητα
1446 977 1567 1058 διατη-

337 1097 460 1179 ρείσθαι
487 1093 646 1182 όφείλουσι
672 1101 726 1158 καί
753 1095 903 1179 ἀμείατα,
935 1093 970 1160 υό
999 1100 1090 1181 μόνον
1120 1101 1203 1178 παρὰ
1235 1107 1293 1160 τῶν
1320 1096 1566 1179 ἀναδεχυμόνων

339 1218 575 1296 τοιουτοτρόποις
592 1211 679 1288 αιίτά,
704 1213 785 1278 ἀλλὰ
799 1221 854 1278 καί
869 1225 926 1279 τόν
942 1215 1070 1280 οἰκόθεν
1086 1219 1289 1279 συνιστιίντων
1304 1221 1358 1278 καί
1372 1217 1565 1298 τροστιθίν-

336 1353 393 1397 τον
415 1338 470 1396 καί
492 1335 642 1407 καθάπαξ
662 1335 875 1416 προσαγόντων
899 1337 937 1396 τά
958 1336 1111 1416 προσόντα
1137 1329 1249 1406 αότσίς.
1275 1338 1345 1416 περί
1366 1334 1401 1395 δί
1424 1342 1485 1397 τῶν
1511 1351 1563 1409 γι-

330 1457 485 1536 νομίνων,
508 1449 551 1523 ιὀς
578 1452 765 1536 δεδήλωται,
789 1453 1050 1536 συναλλαγμάτων
1072 1457 1128 1516 καί
1149 1457 1343 1516 συνοικεσίιιν
1366 1455 1476 1530 διίγνω
1506 1455 1565 1516 καί

334 1571 511 1658 ἀπιφίρνατο
532 1567 553 1653 ἡ
577 1573 736 1654 μετριότης
758 1567 844 1655 ἡμῶν
872 1576 951 1654 μετά
977 1583 1031 1657 της
1058 1577 1126 1654 πυρί
1153 1569 1246 1654 αὐτὴν
1273 1571 1358 1654 ἱερᾶς
1384 1575 1445 1634 καί
1462 1574 1562 1641 θείας

335 1691 473 1764 συνόδου,
495 1687 608 1771 ἄκορον
632 1688 709 1751 εἶναι
731 1691 783 1771 τὴν
806 1695 967 1773 γινυμίνην
988 1691 1165 1773 παράλογον
1186 1694 1241 1752 καί
1256 1689 1368 1753 ότυπον
1385 1691 1560 1773 συνήθειαν

333 1815 388 1873 καί
411 1808 567 1890 ἀβίβαιυν,
584 1809 663 1873 ίνθα
684 1811 794 1894 προβη,
809 1814 864 1872 καί
886 1808 977 1874 όκόττ
1000 1811 1103 1894 συμβῇ
1124 1811 1355 1892 τελιοτηπάσης
1375 1818 1430 1893 τῆς
1445 1829 1560 1885 γυναι-

333 1933 390 2002 κός
419 1927 619 1993 ἀπαιτιῖσθαι
646 1933 685 1991 τὰ
711 1940 765 2012 τῆς
790 1933 918 2011 προικός
939 1933 1115 2012 πράγματα,
1138 1927 1348 1992 ἀποδίδοσθαι
1368 1935 1466 1990 ταῦτα
1494 1927 1558 1992 ἀπό

334 2057 386 2114 τυό
409 2055 520 2134 μόρους
542 2057 595 2112 τοῦ
618 2048 729 2130 ἀνδρὸς
752 2047 784 2122 ἀί
806 2047 979 2134 ὁλοκλήρου
1001 2055 1084 2112 κατὰ
1106 2049 1177 2120 τοός
1199 2040 1308 2120 θείους
1329 2052 1385 2112 καί
1406 2050 1557 2132 φιλεοσε-

334 2170 396 2248 βείς
416 2171 540 2252 νόμους,
563 2167 659 2251 μηδίν
682 2189 709 2230 τι
725 2165 902 2253 ὀφείλοντος
917 2172 1062 2252 κατίχειν
1076 2171 1132 2230 καί
1147 2165 1380 2249 ἀποκερδαίνειν
1396 2163 1428 2239 ἀί
1444 2163 1558 2239 αὐτῶν,

333 2284 376 2358 ός
402 2289 485 2350 κατὰ
511 2285 605 2364 λόγον
632 2287 732 2359 ξενίου
758 2287 868 2360 δυθίν,
899 2283 953 2348 ἅτε
978 2287 1157 2368 παραλόγου
1183 2287 1340 2356 παντελῶς
1372 2269 1469 2368 οόσης
1501 2295 1557 2368 της

332 2406 475 2487 τοιαότης
495 2403 645 2486 πράξεως,
667 2407 722 2466 καί
744 2404 795 2466 διό
817 2411 906 2466 τοῦτο
929 2406 964 2467 τό
979 2401 1092 2486 ἄκυρον
1108 2401 1293 2488 όφειλυόαης
1309 2404 1395 2485 ίχιιν
1411 2401 1457 2472 είς
1471 2399 1555 2466 ἅπαν

332 2527 367 2587 τό
389 2522 469 2608 όίης.
492 2521 558 2586 ἀπεί
579 2523 613 2584 δί
634 2521 780 2607 ἀνίφιρεν
799 2519 816 2585 ό
837 2531 974 2594 τοιοῦτος
998 2521 1161 2605 ἱερώτατος
1184 2519 1349 2606 ἀρχιερεὺς
1369 2518 1554 2592 Ἀτταλείας

331 2646 386 2704 καί
411 2639 454 2712 ὣς
481 2639 625 2726 όφθασόν
647 2660 725 2712 τινες
748 2638 847 2722 ἀδίκιρ
869 2643 969 2723 τρόπιρ
991 2645 1047 2702 καί
1067 2641 1278 2723 πλεονεκτικῲ
1293 2640 1552 2723 λδιυποιήσασθαι

332 2763 383 2824 τόν
399 2759 655 2842 ίτισυναγόμενον
670 2761 766 2844 κηρόν
781 2763 836 2822 καί
850 2763 884 2823 τό
901 2759 1006 2823 όλαιον
1029 2759 1074 2830 είς
1097 2761 1149 2822 τόν
1172 2757 1273 2822 ἀκτῖσι
1297 2762 1385 2823 θείον
1406 2761 1482 2822 ναόν
1499 2769 1553 2842 τῆς

330 2876 398 2943 κατ’
412 2877 503 2943 αότόν
520 2878 746 2962 μητροπόλεως,
759 2855 804 2940 όόι
819 2878 853 2941 δὲ
865 2882 920 2942 καί
934 2880 987 2961 τήν
1003 2875 1064 2941 ἀπό
1079 2888 1137 2940 τῶν
1148 2877 1352 2962 διαφερόντων
1367 2880 1409 2962 τῷ
1423 2881 1553 2959 τοιούτῳ

330 2999 394 3081 ναῷ
414 2995 664 3081 ίργαστηριακιδν
686 2996 863 3080 οίκημότων
886 3001 940 3060 καί
955 2998 1008 3080 τήν
1025 2993 1076 3082 ἀφ’
1091 2994 1196 3079 ότίρου
1211 2999 1292 3067 τινός
1308 2999 1418 3079 τρόπου
1433 3002 1553 3079 πρόσο-

330 3117 385 3178 δον
411 3113 456 3188 είς
479 3116 530 3178 τόν
552 3121 688 3177 τοιοῦτον
710 3117 797 3178 θιίσν
818 3117 891 3178 ναόν
914 3119 968 3177 καί
991 3119 1136 3197 κατίχιιν
1161 3118 1216 3176 καί
1238 3112 1416 3178 ἀναλίσκειν
1439 3117 1553 3198 ταόιην

333 3235 379 3306 τίς
400 3235 483 3306 ὶδίας
505 3230 604 3297 αὐτόν
619 3239 739 3316 χρείας,
763 3231 914 3316 λκρότησι
938 3233 973 3295 δί
996 3230 1079 3315 ὅμως
1100 3233 1192 3296 πόλιν
1214 3233 1268 3316 την
1290 3234 1433 3316 τοιαότην
1454 3239 1553 3316 πρόσ-

330 3355 403 3416 οδον
424 3351 442 3416 ό
463 3353 521 3435 πρό
548 3353 655 3414 τυότυυ
682 3350 846 3436 ἀρχιερεὺς
872 3357 926 3415 καί
955 3351 985 3414 οἱ
1009 3352 1155 3435 κληρικοί
1181 3361 1236 3436 της
1262 3356 1407 3436 τοιαότης
1430 3375 1550 3436 μητρο-

330 3474 460 3549 πόλιιις,
481 3476 537 3534 καί
558 3467 740 3546 όταίαν,ίνα
761 3475 934 3555 κατίχηται
953 3471 1039 3542 ὶδίευς
1061 3475 1116 3535 καί
1137 3473 1343 3558 φυλάσσηται,
1365 3477 1421 3534 καί
1443 3475 1479 3535 τό
1496 3478 1552 3556 μίν

332 3591 536 3673 ἀναλίσκηται
558 3588 603 3660 είς
625 3585 813 3672 λυχνοκαόαν
835 3595 888 3651 τοό
911 3591 1048 3650 τοιούτου
1070 3591 1161 3653 θείου
1188 3597 1280 3663 ναοῦ,
1306 3591 1342 3651 τό
1364 3590 1399 3652 δό
1422 3586 1551 3654 όπόλοι-

329 3727 385 3770 πον
408 3709 453 3780 είς
475 3710 666 3790 τιριτοίησιν
686 3681 782 3768 ἀότσό
804 3709 859 3767 καί
881 3707 1024 3768 σόστασιν
1046 3713 1100 3769 καί
1115 3708 1282 3788 βελτίοσιν,
1304 3707 1553 3789 παρακελιόεται

329 3825 350 3909 ἡ
383 3829 544 3910 μετριότης
570 3822 656 3909 ἡμῶν
683 3827 761 3906 μετὰ
791 3833 846 3907 της
870 3827 939 3905 περὶ
971 3821 1064 3908 αὐτην
1091 3825 1177 3908 ίτρᾱς
1202 3829 1258 3888 καί
1287 3829 1382 3898 θείας
1409 3829 1552 3900 συνόδου,

328 3945 381 4008 ίνα
401 3949 456 4007 καί
477 3943 523 4016 είς
546 3947 579 4006 τό
602 3941 671 4027 όξης
694 3941 912 4025 ίπισονόγηται
937 3947 991 4004 καί
1019 3943 1213 4026 φυλάσσηται
1238 3941 1258 4027 ἡ
1284 3947 1411 4028 τοιαότη
1432 3951 1551 4029 πρόσο-

328 4068 382 4137 δος
403 4067 489 4146 παρα
511 4061 679 4143 ἀνθρώπων
702 4068 862 4145 χρησίμων
884 4061 1048 4143 κληρικιῐιν,
1076 4061 1130 4133 σός
1156 4064 1193 4125 ἀν
1220 4064 1363 4148 διακρίνῃ
1389 4070 1445 4128 καί
1475 4069 1553 4149 τόξη

329 4183 346 4247 ό
372 4186 454 4246 κατά
479 4180 608 4262 καιροὺς
633 4179 812 4263 ἀρχιτριός,
845 4177 887 4250 ὃς
918 4189 972 4262 τῆς
1003 4181 1144 4264 φυλακῆς
1170 4186 1225 4244 καί
1251 4187 1469 4266 σοντηρήσεως
1497 4187 1552 4268 τῆς

329 4301 472 4382 τοιαότης
493 4297 646 4380 προσόδου
667 4299 721 4380 την
742 4299 886 4382 φροντίδα
909 4296 995 4380 ίχειν
1016 4294 1194 4380 δφείλοντος
1213 4307 1267 4362 τοῦ
1281 4303 1421 4368 τοιοότου
1437 4299 1550 4384 ἀρχιτ-

328 4423 406 4502 ρίως
428 4421 506 4502 μετά
527 4420 582 4480 καί
604 4415 752 4498 είδηστως
774 4425 832 4477 τόν
853 4416 1018 4496 κληρικῶν,
1040 4419 1095 4476 καί
1110 4416 1219 4498 μηδείς
1234 4427 1293 4480 τῶν
1308 4421 1453 4481 τοιοότων
1468 4421 1551 4502 κλη-

328 4549 421 4619 ρικῶν
442 4537 462 4620 ἤ
486 4559 530 4607 τις
550 4533 657 4617 ἕτερος
679 4532 724 4596 ἀπ’
748 4532 854 4602 ἀδείας
875 4533 935 4615 ίχη
955 4533 1173 4597 ίδιυκσιεῐσθαι
1187 4539 1242 4598 καί
1258 4533 1438 4600 ἀναλίσκειν
1455 4535 1552 4620 αὐτὴν
