3284 5282
287 338 289 342 .
301 284 321 344 4

200 445 206 520 s
300 467 461 552 ίκιιλησίιρ,
476 462 555 550 ἦσαν
577 467 632 549 μίν
654 459 708 528 οὐκ
733 461 836 541 ὀλίγαι
856 467 991 547 πρόσθεν
1013 460 1045 528 αἱ
1065 463 1221 546 πρόσοδοι,
1242 467 1296 527 καί
1311 463 1411 548 άβριῖς
1425 462 1511 549 εἶχεν

300 584 336 650 οό
363 589 539 670 μόνοντῶν
568 581 610 654 είς
638 593 744 666 χρεῖαν
777 579 925 666 ἡκόντων,
960 581 1041 646 ἀλλά
1071 585 1126 646 καί
1152 591 1205 645 τοῦ
1229 584 1354 656 πολλοῖς
1379 589 1433 648 καί
1454 586 1511 648 διά

299 704 419 768 πολλῶν
441 713 499 765 τῶν
527 704 641 784 τρόπον
669 698 779 771 ίνδεῦς
805 700 929 783 ίχοοαιν
957 698 1112 781 ἀπαρκεῖν·
1144 699 1208 764 όπιί
1234 699 1260 762 δ’
1282 697 1302 786 ἡ
1325 711 1383 763 τῶν
1409 721 1511 783 πραγ-
1637 725 1638 730 ’

301 827 404 910 μάτων
426 824 572 904 σόγχυσις
593 823 647 882 καί
668 817 830 902 ἀνωμαλία
852 824 905 882 καί
925 816 945 904 ἡ
967 823 1034 901 περί
1055 827 1151 880 ταῦτα
1172 827 1225 880 τοῦ
1247 823 1359 902 χρόνου
1380 824 1511 902 καὶτῆς

302 941 439 1012 λναντίας
465 949 560 1024 ρυρᾱς
586 937 750 1008 ἀλλοίωσ;
782 941 836 1000 καί
863 937 1017 1020 μεταβολὴ
1043 940 1097 1000 καί
1126 933 1223 999 αὐτῶν
1250 937 1288 1022 δη
1311 947 1369 1000 τῶν
1391 936 1510 1022 ἐκκλη-

303 1065 372 1131 σίας
390 1055 492 1144 Ιἥψατο
513 1061 568 1120 καί
588 1056 630 1128 τίς
653 1062 818 1139 στενότητα
843 1060 898 1118 καί
925 1051 1029 1141 ῦρισιν
1056 1066 1114 1118 τῶν
1139 1056 1296 1138 προσόδων
1316 1055 1448 1140 ἤγαγεν,
1470 1053 1511 1138 ἠν

175 1217 177 1222 ·
303 1181 358 1261 μίν
379 1187 438 1240 τόν
460 1175 584 1238 εἰκότων
605 1179 658 1237 καί
678 1172 747 1257 παρ’
768 1171 854 1258 ἡμῶν
880 1169 992 1249 αὐτῶν,
1020 1173 1152 1237 ἕκαστον
1178 1185 1237 1236 τῶν
1264 1173 1311 1238 ἀπ’
1338 1171 1432 1258 αὐτην
1457 1195 1511 1237 τι·

302 1296 433 1357 λυόντων
455 1291 620 1376 ἀρχιερίων
649 1296 852 1375 συντισιρίριιν
874 1313 902 1353 τι
922 1295 976 1354 καί
998 1291 1139 1377 ἀφορμάς
1160 1292 1278 1356 διδόναι
1300 1299 1353 1354 τοῦ
1376 1288 1514 1375 εὐπορεῖν

303 1411 344 1484 ὃς
375 1417 462 1496 μητρί
484 1423 521 1496 τη
543 1419 596 1474 τοῦ
621 1414 699 1473 θεοῦ
722 1409 796 1492 άγίη
818 1413 938 1493 μεγάλη
965 1409 1132 1494 ἐκκλησία,
1159 1415 1193 1476 τό
1222 1413 1256 1474 δί
1285 1413 1327 1495 μὴ
1355 1407 1512 1493 ιόγνωμό-

303 1553 360 1603 νως
383 1531 467 1614 όχτιν
490 1530 567 1612 μηδὲ
589 1539 679 1612 κοινῇ
702 1539 739 1612 τη
762 1533 852 1614 ψήφῳ
877 1534 931 1592 καί
957 1532 1135 1612 προμηθείᾳ
1162 1533 1199 1594 τά
1224 1530 1338 1594 δυνατά
1359 1534 1412 1593 καί
1432 1551 1512 1613 προ-

303 1661 381 1713 νοεῖν
403 1645 496 1731 αότης
518 1650 582 1733 καίΙ
594 1649 795 1728 συναίρεσθαι
809 1646 842 1709 όν
857 1669 885 1709 τι
906 1657 964 1709 τιον
987 1645 1187 1710 ἀτοπωτάτων
1210 1645 1312 1712 λδόκει
1333 1652 1388 1711 καί
1407 1653 1512 1730 πόρρω

302 1775 356 1850 της
370 1762 446 1828 καθ’
461 1761 543 1849 ἡμεῖς
558 1773 763 1848 πνευματικῆς
784 1769 838 1826 καί
852 1767 973 1847 γνώμης
995 1769 1048 1826 καί
1070 1766 1259 1846 διακρίσεως.
1275 1767 1328 1829 διά
1345 1775 1440 1829 ταῦτα
1455 1773 1512 1829 καί
1639 1759 1640 1788 ¹

302 1895 393 1968 κοινη
415 1883 658 1965 διασκεψάμενοι
678 1884 788 1952 πάντες
810 1880 839 1943 οἱ
860 1885 911 1943 τόν
933 1891 987 1964 της
1010 1879 1093 1964 ἱεράς
1113 1884 1240 1945 συνόδου
1266 1888 1512 1968 συμπληροῦντος

303 2005 464 2067 θειότατον
486 2003 636 2079 σύλλογον
658 2002 719 2062 δεῖν
742 2000 875 2083 ἔγνωμεν
897 2004 951 2062 καί
972 1999 1203 2086 λψηρισάμτθα,
1226 1999 1290 2063 λπιί
1311 1999 1342 2064 λν
1364 2001 1408 2085 τηί
1428 2023 1511 2086 παρ-

303 2127 366 2184 όντι
388 2116 528 2205 εόρηνιαι
543 2125 673 2203 γνησίων
688 2120 865 2201 λειπόμεναι
888 2117 1153 2202 ἀρχιερίισντινίς
1167 2129 1225 2182 τῦν
1247 2115 1303 2183 όπά
1326 2123 1379 2206 την
1401 2141 1510 2203 πατρι-
1640 2131 1641 2200 Τ

305 2241 436 2324 αρχικὴν
450 2239 601 2321 πιριυπήν
617 2239 846 2321 μητροπόλεων,
869 2233 1053 2300 ὑποκεῖσθαι
1068 2249 1106 2321 τῇ
1121 2235 1196 2318 ἀγία
1217 2247 1270 2300 τοῦ
1293 2241 1371 2301 θεοῦ
1388 2241 1510 2323 μεγάλη
1640 2277 1641 2280 =

303 2355 457 2439 όκκλησία,
475 2359 529 2418 καί
549 2356 682 2439 πληροῦν
704 2358 758 2426 τοῖς
781 2353 812 2417 όν
837 2350 915 2438 αὐτῇ
938 2358 1044 2437 χρείας
1066 2354 1118 2417 διὰ
1139 2365 1198 2418 τῶν
1220 2353 1252 2427 λε
1273 2352 1372 2418 αότων
1394 2375 1509 2437 προσο-

302 2477 460 2561 δημάτων,
483 2477 537 2558 τὴν
560 2471 731 2558 άγιωτάτην
757 2475 940 2557 μητρόπολιν
962 2472 1097 2545 Κυζίκου
1124 2472 1196 2536 άνιο
1223 2483 1277 2558 της
1304 2474 1511 2559 ὶδιοποιηθτί-

303 2615 359 2677 σης
387 2599 487 2677 τρίτης
515 2593 636 2684 μερίδος
664 2589 695 2664 λε
721 2587 824 2675 αὐτῆς,
854 2589 898 2676 ἀφ’
922 2591 1010 2672 ότίριρ
1031 2597 1122 2674 χρεία
1148 2602 1206 2654 τῶν
1232 2592 1419 2670 ἀναγκαίωνΙ
1433 2590 1512 2677 οόση

301 2715 356 2773 καί
378 2709 590 2792 ἀπαραιτήτου
611 2711 665 2770 καί
686 2712 790 2792 ταότη,
808 2709 853 2771 ἔτι
875 2709 909 2770 δὲ
926 2703 1109 2772 ὑποκεῖσθαι
1131 2715 1208 2791 μετὰ
1223 2719 1276 2792 τῆς
1292 2711 1434 2794 τοιαύτης
1448 2732 1511 2794 μη-

301 2830 470 2912 τροπόλεως
491 2829 545 2888 καί
566 2828 619 2910 τὴν
648 2825 819 2910 ἀγιωτάτην
846 2826 1085 2911 ἀρχιιπισκοτην
1113 2827 1338 2912 Προικονήσου,
1367 2828 1512 2901 ιθσαότως

301 2943 485 3009 ὑποκεῖσθαι
506 2949 560 3006 καί
580 2945 633 3027 την
656 2942 827 3027 ἀγιωτάτην
855 2947 1038 3025 μητρόπολιν
1060 2943 1346 3021 Φιλιππυυπόλεως,
1371 2945 1451 3008 ἀλλά
1472 2947 1511 3028 δὴ

300 3071 353 3129 καί
367 3069 420 3148 την
435 3073 489 3146 της
503 3061 770 3146 Τραῖανουπόλεως
793 3065 949 3142 μετὰτῶν
972 3059 1018 3124 ἀπ’
1041 3058 1135 3134 αὐτὰς
1158 3062 1337 3138 ἐπισκοπῶν,
1361 3063 1435 3127 ὅθεν
1457 3069 1513 3127 καί
1541 3122 1544 3127 .

300 3183 429 3255 καθίξαι
451 3185 504 3250 τὰς
527 3187 668 3250 τοιαύτας
686 3179 856 3258 ἁγιωτάτας
879 3179 1048 3263 λκκλησίας
1069 3185 1150 3242 κατὰ
1166 3183 1219 3264 τὴν
1240 3178 1389 3265 ἡμετέραν
1412 3188 1512 3268 ψῆφον

299 3305 354 3364 καί
374 3302 536 3376 διάγνωσιν
558 3297 575 3360 δ
595 3303 824 3375 παναγιιότατος
851 3297 936 3382 ἡμῶν
959 3298 1109 3381 δεσπότης
1131 3297 1147 3360 ό
1170 3297 1381 3381 οίκουμινιιιδς
1402 3321 1511 3383 πατρι-

300 3423 398 3503 άρχης
420 3413 465 3504 ἐρ’
492 3413 552 3498 ὅριρ
579 3425 632 3499 τῆς
659 3417 775 3488 οίκείας
798 3423 876 3500 ζωῆς
903 3422 957 3478 καί
979 3415 1206 3499 ἀρχιερατείας,
1235 3422 1289 3478 καί
1311 3414 1440 3498 οδδεμία
1465 3440 1511 3490 τις

301 3537 388 3599 ἔσται
409 3533 477 3616 παρ’
501 3530 623 3602 οὐδενός
647 3537 800 3617 μεταβολὴ
822 3539 889 3614 περί
911 3535 963 3616 τήν
980 3537 1120 3616 τοιαύτην
1142 3535 1304 3616 συνοδικην
1323 3529 1409 3618 ἡμῶν
1430 3547 1510 3618 πρά-

300 3657 343 3728 ξιν
365 3651 385 3738 ἢ
408 3655 575 3736 μετάθεσις
600 3656 653 3714 καί
681 3653 844 3723 ἀλλοίωσις
873 3661 927 3736 τῆς
952 3655 1019 3734 περί
1046 3655 1157 3714 τούτων
1183 3655 1285 3736 ψήφου
1310 3657 1364 3714 καί
1389 3659 1512 3740 γνιόμης

299 3770 395 3856 ἡμῶν.
423 3773 451 3834 εί
475 3767 616 3854 μίντυιδ
644 3767 680 3832 ίκ
706 3775 783 3834 θεοῦ
805 3773 951 3854 κραταιός
978 3774 1032 3832 καί
1059 3769 1147 3846 ἀγιος
1173 3767 1259 3854 ἡμῶν
1281 3767 1433 3857 αιίθίντης
1457 3779 1512 3838 καί

302 3891 459 3968 βασιλεῦς,
483 3887 499 3952 ὁ
523 3897 575 3972 τῆς
598 3885 689 3964 ἀγίας
715 3887 884 3972 λκκλησίας
911 3890 1087 3972 φροντιστὴς
1114 3891 1167 3949 καί
1200 3890 1342 3971 κηδτμυλν
1374 3889 1406 3952 ἰν
1434 3901 1512 3955 πάσι

299 4013 353 4071 καί
374 4010 553 4091 τρονοητής,
571 4012 704 4088 κρεῖττόν
721 4030 749 4070 τι
770 4012 824 4070 καί
846 4012 947 4090 μεῖζον
970 4010 1051 4070 κατὰ
1073 4009 1126 4090 τὴν
1148 4005 1258 4072 ἑαυτοῦ
1279 4014 1345 4092 περί
1366 4014 1405 4073 τὰ
1426 4012 1510 4073 καλά

299 4131 396 4190 πάντα
418 4129 564 4209 πρόθεσιν
586 4130 640 4188 καί
661 4127 714 4208 τὴν
737 4125 809 4206 ὑπὲρ
831 4136 885 4206 τῆς
907 4123 1076 4210 ἐκκλησίας
1099 4127 1232 4210 σπουδὴν
1255 4126 1401 4212 λθελησει
1422 4126 1454 4199 λς
1472 4125 1510 4190 ῦ-

298 4265 406 4326 στερον
428 4241 502 4326 όπίρ
531 4239 624 4325 αὐτῆς
647 4246 838 4325 καταπρᾶξαι
860 4247 913 4305 καί
934 4241 1158 4319 ἐπιδείξασθαι,
1187 4243 1304 4318 ἐξίσται
1325 4250 1443 4315 πάντως
1472 4250 1510 4309 τά

167 4356 171 4364 ’
298 4365 424 4442 κρείττω
446 4363 502 4423 σῦν
521 4359 587 4442 θεῷ
608 4363 663 4422 καί
684 4364 778 4442 μείζω
792 4365 859 4442 περί
873 4357 966 4444 αότῆς
989 4367 1042 4422 καί
1058 4362 1263 4442 βουλεόεσθαι
1284 4367 1338 4424 καί
1359 4363 1507 4444 διαπράτ-

193 4509 196 4515 ss
300 4481 424 4552 τισδαι,
448 4479 537 4544 ταδί
550 4488 601 4542 νῦν
621 4475 691 4562 ημῖν
706 4479 876 4562 δεδογμένα
898 4483 1044 4564 κρατήσει
1067 4483 1120 4541 καί
1140 4485 1365 4563 στερχθήσεται
1390 4479 1508 4562 ἀμετά-
