3314 5266
305 321 368 382 546

306 505 441 589 ἀλλήνσιν
463 505 497 567 δὲ
522 504 649 588 μᾶλλον,
672 513 809 590 φανερῶς
830 503 983 587 λατρεύων
1006 514 1067 575 τοίς
1089 505 1225 587 δαίμοσι.
1248 505 1300 566 καί
1322 511 1374 567 νύν
1396 499 1454 565 σύκ
1469 501 1528 565 ἐκ·
1653 569 1654 572 ς

303 626 397 708 φεύξῃ
421 633 474 707 τῆς
497 623 597 706 δίκης,
619 619 678 686 κᾶν
701 621 778 684 εἴτι
798 625 853 686 καί
874 625 1000 698 πάθοις,
1023 621 1127 690 ἀνόσιε
1144 623 1191 684 σύ.
1206 621 1319 684 τούτων
1334 619 1386 684 σύν
1402 619 1419 683 ό
1433 621 1526 684 m-

304 744 356 825 ρύς
379 741 517 812 ἀκούσας
532 745 592 803 ’καί
603 743 764 825 φοβηθιίς·
787 741 815 803 εἰ
830 735 895 803 ἔστι
908 743 999 804 πάλιν
1015 743 1172 824 μετάνοια,
1195 750 1246 804 νύν
1260 744 1413 824 καθαρῶς
1427 761 1526 824 προσ·-

306 867 439 944 ίρχοριαι
471 870 509 944 τη
532 858 686 944 ἐκκλησία
717 861 805 936 θεού,
839 857 1031 942 ἀπεκρίνατο,
1065 861 1187 942 δάκρυα
1218 865 1313 945 χίοιν,
1346 865 1386 924 τά
1418 863 1524 944 στήθη

304 980 419 1042 τύπτων
441 981 496 1040 καί
517 979 568 1038 τύν
592 975 680 1038 ἔλεον
701 979 979 1061 προσκαλούμενος.
1012 986 1114 1042 πᾶσαν
1135 982 1190 1042 καί
1213 983 1272 1062 γάρ
1294 979 1395 1055 δόξαν,
1417 978 1454 1062 ἣν
1477 977 1525 1041 εἷ-

302 1117 360 1180 χσν
383 1095 521 1172 ἐναντίαν
544 1093 718 1176 ἀποβαλὼν,
740 1093 801 1178 ἤδη
828 1100 1048 1180 ,προσόρχοραι
1068 1099 1228 1181 καθαρῶς,
1263 1097 1408 1182 όηασκεν.
1446 1095 1524 1160 ὅθεν

301 1220 355 1278 καί
377 1217 472 1297 τούτῳ
494 1216 584 1276 πάλιν
606 1210 626 1298 ἡ
650 1217 724 1276 θεία
745 1219 799 1285 καί
822 1213 889 1298 ἱερὰ
911 1217 1040 1286 σύνοδος
1061 1213 1127 1298 ἄρα
1146 1215 1188 1298 τῷ
1200 1213 1526 1300 ταναγιεετάτιρὴρὶν

301 1335 445 1416 δεσπότη,
468 1333 509 1415 τῷ
530 1331 934 1417 οἷκουμενικῷτατριάρτρη,
957 1333 1189 1418 ἀττικαρρθείσα
1211 1335 1343 1416 διόκρινε
1364 1337 1418 1396 καί
1439 1333 1523 1397 ἀπε·

303 1457 434 1538 ρηνατσ,
453 1453 566 1534 γυμνόν
588 1454 643 1533 μίν
659 1449 735 1513 εἶναι
747 1456 805 1526 καί
821 1449 1022 1535 ἀστερηρίνον
1035 1455 1137 1535 πάσης
1153 1448 1412 1537 ἀκκλησιαστικής
1435 1451 1526 1526 ἀξίας

300 1591 332 1633 τε
355 1575 409 1632 καί
431 1577 531 1652 τιμῆς,
564 1569 659 1652 μηδὲν
693 1569 835 1653 μηδόλιις
857 1567 918 1632 ἀπύ
940 1579 994 1633 τού
1016 1581 1067 1634 νύν
1088 1575 1143 1634 καί
1164 1569 1208 1654 είς
1229 1572 1264 1633 τύ
1287 1567 1356 1656 ἀξής
1378 1569 1520 1635 ἀπολαύ-

299 1707 360 1750 σιον
391 1691 465 1749 ποτί
498 1695 555 1748 τῶν
578 1696 694 1766 καιρῶν
731 1685 751 1770 ή
783 1687 901 1770 κλήρου
932 1684 1119 1773 ήδρρικίου
1151 1686 1277 1773 τινόςή
1310 1691 1404 1753 τόπου
1426 1686 1458 1750 ἀν
1481 1699 1522 1772 τῇ

299 1806 455 1888 ἁγιωτάτῃ
478 1813 531 1866 τοῦ
553 1807 632 1866 θεοῦ
655 1805 777 1886 μεγάλη
801 1803 968 1888 ἐκκλησία,
993 1803 1013 1888 ή
1041 1803 1122 1877 ὅλοις
1154 1803 1187 1868 όν
1207 1803 1413 1890 ὁποιᾳδήποτε
1435 1809 1519 1878 τάξει

298 1921 391 2008 αὐτῆς
425 1922 627 2005 εἰσαχθῆναι,
662 1920 894 2006 ἀσφαλισθῆναι
926 1923 961 1984 δὲ
988 1923 1106 1992 ιιαλλυν
1126 1927 1183 1985 καί
1203 1927 1437 2006 περιορισθήναι
1469 1923 1519 1986 ἀτί

297 2045 420 2126 χρόνοις
442 2038 474 2102 όν
495 2051 533 2123 ιη
556 2041 711 2122 σεβασμία
733 2040 879 2123 βασιλική
911 2060 965 2103 και
986 2053 1193 2124 πατριαρχική
1221 2051 1298 2124 ρον-ρ
1324 2049 1380 2124 της
1400 2039 1517 2124 ύκερα-

298 2167 368 2239 γίας
391 2162 554 2243 δεσποίνης
568 2155 654 2243 ἡμῶν
670 2161 824 2221 θεοτόκου
839 2168 892 2242 τῆς
908 2158 1126 2241 Περιβλόπτου,
1149 2159 1230 2222 ἔνθα
1248 2156 1422 2243 εύρίσκεται
1437 2160 1519 2244 ἔχειν

296 2283 351 2342 καί
372 2279 482 2341 κελλία
503 2281 563 2340 καί.
581 2275 763 2362 ἀδελράτσν,
786 2280 862 2361 μήτε
887 2275 965 2360 ύρῶν
988 2297 1080 2352 τινας,
1114 2281 1189 2362 μήτε
1212 2275 1339 2360 ύρύιὸν,
1371 2282 1427 2342 καί
1448 2283 1516 2342 τότε

294 2395 352 2459 κάν
375 2393 417 2466 ῶς
440 2397 615 2479 χριστιανύν
638 2393 741 2466 ἁπλῶς
763 2396 915 2468 δέξασθαι
936 2405 1052 2470 τοῦτον,
1076 2392 1148 2458 ὅταν
1163 2397 1285 2478 κλαύσῃ
1300 2400 1354 2458 καί
1369 2397 1516 2480 συντριβῇ

295 2517 349 2576 καὶ
372 2513 415 2584 είς
437 2513 593 2596 αἴσθησιν,
616 2509 654 2596 ἧς
677 2510 864 2575 όκπεπτύκει
886 2513 988 2596 δόξης,
1011 2511 1028 2576 ὁ
1050 2513 1245 2596 ταλαίπωρος
1267 2513 1365 2596 ἔλθη,
1387 2519 1442 2576 καί
1463 2516 1516 2576 τύν

294 2641 431 2695 τοιοῦτον
453 2630 638 2715 όκπληρύση
660 2635 790 2706 κανόνα,
814 2630 1045 2713 λκποιήσασθαι
1067 2631 1103 2703 δὲ
1124 2635 1178 2693 καί
1200 2631 1238 2702 ἀς
1261 2631 1329 2715 ἔχει
1349 2629 1517 2714 ἓλληνικύτ

295 2750 419 2830 βίβλους
451 2753 505 2812 καί
528 2749 607 2832 μηδὲ
641 2748 794 2831 τολιιήσαι
816 2745 895 2818 ὅλας
931 2745 951 2831 ή
986 2745 1069 2820 ἀντύς
1092 2758 1144 2812 τού
1163 2753 1372 2833 ’ριοναστηρίου
1396 2747 1514 2832 ποτίή

292 2865 347 2930 καὶ
361 2865 458 2946 γἐκτός
479 2866 637 2930 διδάσκειν
659 2866 779 2941 παῖδας,
801 2863 845 2936 ύς
866 2869 920 2927 καί
942 2869 1096 2948 πρότερον,
1122 2865 1182 2929 κᾶν
1204 2866 1235 2929 εἴ
1251 2889 1280 2930 τι
1301 2865 1357 2930 καί
1378 2871 1514 2950 γίνηται.

292 2989 347 3046 καί
381 2992 487 3046 τοῦτον
521 2988 575 3065 μὲν
608 2979 713 3054 ούτοις.
746 2983 817 3051 τούς
839 2984 873 3046 δύ
895 2987 1124 3066 προρρηθίντας
1145 2995 1224 3066 τρεῖς
1244 2986 1368 3055 τούτους
1390 2983 1515 3068 ἄνδρας,

294 3103 484 3185 Συρόποσλύν
506 3123 539 3164 ττ
561 3106 616 3165 καί
638 3101 906 3184 Γαβριηλόπουλον
928 3105 983 3165 καὶ
1004 3104 1043 3186 δή
1066 3101 1120 3166 καὶ
1148 3103 1330 3188 Φυυδούλην
1355 3106 1407 3166 τόν
1436 3109 1512 3186 ψευ-

297 3221 484 3304 δορύναγσν,
529 3217 570 3290 ύις
612 3220 763 3289 πολλάκις
805 3223 860 3282 καί
903 3222 1025 3292 τούτους
1059 3219 1107 3283 ίπί
1149 3223 1267 3292 τούτοις
1312 3223 1366 3284 καί
1408 3219 1518 3292 ἄλλοις

295 3338 438 3420 ἀσεβέσιν
461 3337 591 3408 ἁλόντας
613 3340 800 3420 τολμήμασι,
822 3343 877 3402 καί
899 3341 1010 3402 τούτων
1033 3338 1203 3424 ἀφεστάναι
1224 3343 1278 3402 καί
1299 3341 1350 3403 τύν
1373 3343 1513 3425 μετάμε-

177 3456 179 3458 ’
293 3459 354 3518 λσν-
370 3454 515 3528 ότιδείξαι
538 3455 741 3536 βοολορίνους
760 3456 916 3538 μηδίποτε
938 3461 993 3518 καί
1008 3467 1111 3524 ,ταύτα
1134 3461 1212 3541 ρττά
1233 3459 1351 3528 πολλὰς
1366 3461 1421 3528 τάς
1436 3455 1514 3520 ύπο-

292 3579 416 3657 σχάστις
438 3572 560 3642 ἀκτίνας
581 3576 635 3634 καί
657 3576 711 3644 τάς
734 3575 903 3655 συνθήκας,
926 3576 1046 3658 φθορὰν
1069 3577 1103 3637 δί
1126 3575 1243 3658 μᾶλλον
1262 3585 1325 3646 τοῖς
1341 3571 1514 3638 ἀελουστί·

292 3713 356 3774 ροις
378 3697 432 3754 καί
455 3695 585 3774 ψυχικὸν
607 3689 952 3774 παρίχονταςόλεθρον,
975 3701 1028 3777 της
1045 3695 1203 3772 βασιλίδος
1218 3695 1331 3776 ταύτης
1347 3691 1513 3777 ἐξορισθῆ-

291 3829 343 3874 ναι
363 3820 422 3871 τῶν
443 3810 560 3872 πόλεσιν
582 3813 636 3871 καί
658 3809 704 3892 δή·
719 3813 773 3871 καί
794 3811 897 3892 πάσης
919 3818 973 3893 τής
995 3821 1052 3874 τῶν
1074 3815 1186 3874 πιστῶν
1203 3821 1268 3893 γῆς,
1303 3811 1336 3873 όν
1356 3807 1381 3892 η’
1403 3829 1511 3873 κατοι-

292 3935 382 3990 κούσι
404 3926 583 4009 χριστισινυὶ,
606 3929 644 3988 τὰ
666 3935 725 3988 τῶν
737 3921 870 4008 εύστβῶν
887 3927 963 4009 ἔργα
978 3929 1233 4011 διαπραττόμενοι
1249 3928 1448 4013 ἀόηρίσαντο,
1470 3926 1513 4000 ὣς

291 4053 345 4108 τού
367 4051 576 4127 χριστιανικού
597 4043 709 4113 παντός
733 4047 838 4118 γόνους
859 4045 958 4128 λύρην
980 4051 1033 4106 καί
1054 4050 1092 4108 τύι
1115 4055 1168 4130 της
1198 4041 1355 4124 εὐσεβείας
1378 4043 1511 4126 ἀνατρά-

291 4165 404 4232 πσντάς
426 4183 458 4222 τε
480 4165 534 4222 καί
555 4161 763 4230 καταλύοντας
786 4158 928 4243 ἄντικρυς
949 4171 1015 4231 ταίς
1030 4163 1222 4244 δαιμονικαίς
1242 4160 1421 4248 ἐπικλήσεσι
1436 4165 1511 4226 ταύ-

293 4301 360 4348 ταις
381 4282 435 4340 καί
458 4283 613 4359 γοητείαις
644 4281 698 4362 καί
721 4287 785 4348 ταῖς
809 4284 963 4361 μαγείαις,
991 4280 1056 4342 θπεί
1078 4280 1112 4342 δὲ
1135 4286 1190 4343 καί
1212 4303 1289 4351 τινες
1310 4292 1369 4343 τῶν
1399 4291 1513 4344 πιστῶν

295 4407 356 4464 τοίς
378 4398 562 4471 θεοστυγίσι
583 4399 727 4476 προσίασι
748 4397 865 4465 τούτοις
887 4399 942 4458 καί
964 4393 1149 4480 ἀποβλήτυις
1172 4403 1225 4462 καί
1242 4403 1286 4480 τὰ
1300 4400 1513 4483 τῆςτοιαύτης

294 4511 392 4576 αὐτῶν
415 4518 528 4582 κακίας
560 4517 615 4574 καί
633 4509 785 4591 -ἀσιβείας
814 4514 971 4595 δυστυχῶς
999 4511 1196 4598 ἀνεράξαντο,
1211 4513 1391 4588 Ικύτντεύθεν
1414 4515 1456 4587 είς
1478 4519 1514 4578 τύ
