3258 5282
307 280 370 343 442

310 465 364 526 καί
385 462 470 524 θείυν
491 461 584 550 μόρον
609 459 653 533 τίς
679 461 836 525 τελείωσιν
862 471 920 525 τῶν
943 435 1175 546 βαπτιζομίνων,
1202 459 1243 532 ῶς
1266 458 1401 545 είρητπι.
1428 467 1531 522 ταῦτα

309 583 365 664 μίν
387 576 439 643 οὖν
459 580 701 663 παρακελεύεται
723 576 830 664 όμίνὴ
858 584 1016 665 μετριότης
1042 575 1127 664 ἡμῶν
1154 582 1231 662 μετὰ
1255 586 1310 662 της
1334 581 1407 662 περί
1432 573 1532 660 αότην

307 699 398 768 θείας
419 701 474 760 καί
496 696 580 781 ἱερός
602 699 795 772 συνόδου-είς
821 701 875 786 την
900 698 1007 786 ἱρείης
1031 699 1195 783 διόρθωσιν
1221 709 1280 763 τῶν
1304 699 1531 781 πραττομένων

310 812 515 886 ἀκανονίστως
540 815 583 888 είς
610 817 664 902 ιην
692 813 801 880 αότόθι
827 827 885 880 τῶν
910 817 1092 901 Βουλγιίρυν
1119 815 1296 902 ἐκκλησίαν.
1328 821 1384 881 καί
1413 815 1447 880 εί
1475 819 1531 898 μὲν

308 931 354 1006 τίς
376 933 521 1019 αἴσθησιν
543 935 667 999 ἔλθοιεν
689 944 741 998 τοῶ
762 937 861 1000 καλοῶ
883 941 937 1000 κιίί
958 939 1167 1021 μεταμάθοιεν
1190 937 1243 1021 την
1264 941 1390 1013 κακίαν,
1418 933 1531 1017 ἐπειδὴ

308 1051 355 1124 τίς
376 1054 411 1116 τό
434 1053 655 1136 βάπτισμα,τό
677 1062 730 1138 τῆς
752 1059 903 1139 σωτηρίας
924 1025 1100 1140 κεραίλαιυν,
1117 1053 1196 1118 όστὶν
1217 1051 1237 1140 η
1259 1057 1455 1137 καινοτομία
1477 1055 1533 1114 καί

307 1166 543 1255 ἡπαράβασις,
575 1173 741 1256 χαρισθείη
765 1171 840 1245 ἴσως
868 1169 970 1246 αότοίς
991 1176 1154 1257 συγγνώμη
1175 1175 1258 1256 παρὰ
1284 1175 1377 1249 θεοῦ,
1407 1169 1457 1243 ὣς
1489 1171 1531 1253 μὴ
1621 1203 1622 1280 ¹

309 1292 507 1366 γινώσκουσιν
529 1285 662 1371 ἀκριβῶς
676 1293 787 1374 ταύτην
802 1291 856 1374 την
877 1289 961 1374 ίιρόιν
983 1287 1178 1354 όκοτόπωσιν·
1202 1289 1229 1354 τί
1250 1291 1286 1354 δί
1304 1289 1361 1354 καὶ
1374 1284 1433 1352 νῶν
1451 1291 1534 1373 μετὰ

308 1408 362 1490 την
383 1418 486 1490 πεῖραν
507 1409 561 1469 καί
582 1416 691 1484 γνῶσιν
713 1415 766 1470 τοῦ
786 1412 974 1492 πράγματος,
997 1408 1044 1473 ότι
1063 1409 1099 1472 δί
1121 1411 1175 1472 καί
1195 1409 1249 1493 την
1273 1406 1431 1494 ἡμετίραν
1456 1427 1534 1470 νου-

307 1527 419 1588 θεσίαν
431 1497 494 1586 Ικαί
508 1523 721 1600 διδασκαλίαν,
744 1521 825 1609 ὑμῶν
845 1535 902 1588 τῶν
917 1519 1052 1606 εόλαβῶν
1067 1529 1122 1590 καί
1136 1530 1242 1610 τιμίων
1257 1537 1402 1610 μοναχῶν
1418 1547 1533 1608 παρα·

307 1645 497 1727 κινησιίντων
529 1640 573 1713 εἰς
598 1650 687 1706 τοῦτο
714 1637 832 1719 αότοός,
855 1647 987 1726 μείνειαν
1013 1641 1207 1728 ἀδιόρθωτοι,
1232 1640 1252 1727 ἡ
1280 1647 1335 1726 μὲν
1358 1645 1533 1726 μετριότης

306 1757 392 1844 ἡμῶν
413 1763 468 1822 καί
488 1756 508 1843 ἡ
529 1765 596 1844 περί
617 1757 711 1844 πότην
732 1764 806 1824 θεία
828 1765 881 1823 καί
903 1759 969 1844 ἱερὰ
990 1761 1116 1834 σύνοδος
1142 1738 1435 1845 ίκπτπληρῶκαρσν,
1462 1781 1531 1844 μη-

305 1879 358 1940 δὲν
379 1878 598 1960 παραλιπόντες
618 1887 673 1962 της
694 1876 827 1964 όφειλης,
850 1875 887 1962 ἧς
910 1878 1023 1962 ἔχομεν
1045 1873 1094 1962 tid
1107 1880 1182 1942 θεόν
1198 1874 1270 1961 όπίρ
1285 1886 1338 1941 τοό
1360 1878 1531 1941 διδάσκειν

308 1999 362 2060 καί
382 1997 463 2080 δηλα
485 1998 604 2060 τιθίναι
625 2007 686 2069 τοῖς
706 2007 822 2069 πιστοῖς
844 2001 882 2060 τὰ
904 1999 1010 2060 τοότου
1023 1999 1185 2082 μυστήρια·
1208 1993 1292 2060 οδτοι
1312 1997 1347 2060 δὲ
1362 2001 1532 2066 πείσονται
1621 2047 1622 2109 ¹

309 2113 362 2197 τήν
386 2113 522 2196 όσχιίτην
544 2115 632 2198 δίκην
654 2117 709 2177 καί
734 2115 867 2198 μάλιστα
893 2111 922 2175 οί
947 2123 1005 2176 τῶν
1032 2111 1204 2198 ἐκκλησιῶν
1228 2115 1449 2210 προίστιίμενοι
1473 2113 1531 2174 καί
1621 2125 1622 2203 ¹

309 2230 338 2294 οἱ
360 2230 456 2314 ἱερεῖς.
479 2236 532 2294 καί
553 2232 700 2316 λήψονται
722 2233 859 2316 μεγόλην
879 2205 963 2314 παρὰ
983 2233 1061 2294 θεοῦ
1083 2233 1136 2315 την
1157 2229 1365 2314 ἀγανάκτησιν
1387 2235 1446 2294 καί
1471 2229 1529 2313 όρ·
1621 2246 1622 2276 ί

308 2348 374 2433 γην,
398 2346 467 2413 ἀνθ’
489 2345 530 2412 ὧν
552 2347 608 2412 οόκ
631 2348 819 2434 ἐπείσθησαν
841 2360 878 2433 τη
899 2350 1069 2432 παραδόσει
1089 2349 1143 2412 καί
1157 2349 1344 2430 διδασκαλία
1357 2357 1412 2432 τῆς
1428 2345 1530 2425 ἁγίας
1621 2319 1622 2391 ί

308 2475 361 2531 τοό
383 2467 514 2551 Χριστοῦ
541 2469 717 2553 καθολικῆς
743 2473 798 2531 καί
826 2464 1031 2554 ἀποστολικης
1058 2467 1236 2553 ἐκκλησίας.
1264 2465 1331 2530 ἀλλ’
1358 2463 1531 2550 εὐχόμεθα
1621 2516 1622 2579 ¹

308 2586 350 2671 τῷ
370 2586 444 2670 θεῷ,
467 2588 616 2671 μηδαμῶς
638 2595 726 2650 τοῦτο
749 2590 905 2665 γενόσθαι,
928 2586 1010 2651 ἀλλὰ
1030 2591 1085 2652 καί
1099 2589 1271 2652 σπουδάσαι
1284 2585 1529 2670 καὶδιτγτρθη·

224 2769 229 2778 ,
307 2727 359 2770 ναι
380 2705 433 2788 την
467 2705 635 2789 ίκκλησίαν
661 2708 772 2792 ταότην
801 2711 855 2770 καί
871 2710 962 2770 κατὰ
988 2707 1041 2790 τήν
1066 2709 1157 2770 θείαν
1182 2707 1352 2788 παράδοσιν
1377 2707 1413 2768 τδ
1441 2709 1529 2789 μέγα
1619 2707 1622 2774 ί

307 2826 362 2888 καί
383 2821 522 2906 οόρόνιον
543 2832 631 2888 τοῦτο
659 2833 712 2888 τοῶ
739 2827 945 2909 βαπτίσματος
973 2825 1070 2907 δῶρον
1096 2826 1150 2886 καί
1174 2823 1245 2894 τοὺς
1271 2821 1358 2905 ίερεῑς
1384 2822 1427 2907 τῷ
1455 2823 1527 2904 λαᾴ
1618 2828 1622 2967 ¹

305 2941 425 3006 διδόναι
445 2946 499 3004 καί
520 2943 570 3004 τόν
592 2943 667 3008 λαόν
688 2941 757 3026 παρ’
780 2941 903 3007 ἐκτίνων
925 2944 1092 3026 δέχεσθαι,
1125 2939 1166 3012 ὡς
1188 2939 1235 3025 τίη
1257 2943 1291 3003 τό
1313 2941 1411 3026 δῶρον
1434 2941 1523 3026 ἄλη·
1618 2977 1619 2984 1

309 3064 375 3132 θῶς
397 3062 493 3141 δῶρον
525 3059 580 3122 καὶ
601 3057 763 3144 ἐλευθερία
784 3065 838 3125 καί
859 3060 1022 3145 ἀπαλλαγὴ
1045 3069 1098 3124 τοῦ
1125 3069 1308 3144 προγονικοῦ
1330 3059 1525 3146 ἁμαρτημα-
1620 3079 1622 3122 ν

308 3200 360 3250 τος
382 3183 436 3241 καί
458 3177 617 3250 υἱοθεσίας
638 3181 778 3261 πρόξενον
805 3183 858 3242 καί
880 3181 1029 3264 μηδαμῶς
1050 3183 1260 3262 κατακρίσεως
1283 3177 1416 3264 ἀρυρμη,
1435 3201 1522 3263 πρε·
1621 3259 1622 3271 ¹

309 3299 426 3378 σβείαις
448 3305 502 3380 τῆς
523 3297 864 3383 πανυπερευλογηρίνης
890 3299 1052 3384 δεσποίνης
1076 3271 1171 3382 ἡμῶν
1187 3299 1340 3361 θεοτόκου
1365 3301 1421 3361 καί
1441 3303 1524 3362 πάν·
1621 3324 1622 3329 ’

310 3425 447 3480 τῶντῶν
470 3411 574 3492 ἁγίων,
598 3413 679 3499 ἀμην
700 3418 730 3492 †.

390 3531 506 3618 Μηνί
537 3535 757 3616 δεκεβρίιρ
790 3533 868 3597 ῖνδ.
901 3537 941 3600 θ’.

703 3719 922 3784 CLXXXVII.
945 3721 1021 3786 Sino
1038 3744 1126 3785 anno.

628 3835 630 3840 V
650 3861 848 3916 Monaciiduo
862 3863 1001 3917 libidinosi
1011 3866 1177 3932 puniuntur.

390 4010 410 4082 †
437 4005 520 4069 Ἐπεί
545 4005 563 4068 ό
590 4015 642 4070 τοῦ
668 4007 766 4090 Τόρου
789 4005 920 4090 ἀνεψιός,
943 4005 960 4069 ό
981 4006 1135 4083 Ἀνανίας,
1158 4011 1212 4070 καί
1234 4005 1315 4071 ἄλλα
1341 4011 1396 4089 μὲν
1419 4007 1519 4070 ἄτοπα
1621 4028 1622 4080 ί

306 4127 361 4186 καὶ
393 4124 434 4206 μη
462 4122 615 4206 ἀνήκοντα
643 4122 720 4197 ὅλως
746 4136 901 4210 μοναχικη
926 4126 1065 4207 πολιτεία
1090 4129 1144 4188 καί
1171 4124 1312 4208 ἱερατικηῐ
1344 4129 1518 4207 σεμνώματι

308 4238 523 4324 ἀπειργάσατο,
546 4239 626 4304 ἑάλω
648 4245 682 4306 δὲ
705 4241 749 4306 ἐπ’
772 4241 938 4328 αότοριίιριρ
961 4244 993 4306 ἐν
1014 4243 1072 4326 μιη
1094 4253 1150 4306 τῶν
1165 4253 1279 4306 νυκτῶν
1295 4245 1517 4322 συνευναζόμε-

310 4379 362 4430 νυς
382 4363 437 4421 καί
458 4365 707 4444 συγκοιμώμενος
728 4368 782 4425 καί
805 4363 1112 4448 συνδιαφθειρόμενυς
1133 4367 1230 4446 πόρνη
1253 4365 1382 4438 γυναικί,
1406 4357 1451 4444 ἐρ’
1474 4357 1517 4431 οἷς

305 4479 360 4540 καί
381 4478 574 4560 τολικθρόλου
597 4489 650 4564 της
678 4483 819 4564 τοιαότης
845 4477 958 4563 ὕβρεως
984 4485 1163 4564 γενομένης,
1190 4477 1266 4543 καθ’
1293 4479 1329 4562 ἣν
1358 4478 1519 4562 όκρατηθη
