3258 5282
332 272 395 336 39⁶

332 475 424 518 νισσα
447 455 549 540 ἐκείνη
571 457 800 540 καταλείψασα,
827 454 869 527 ἀς
890 456 1076 540 δεδήλωται,
1104 453 1297 538 ίνδιαθήκιες
1323 455 1362 516 τά
1386 474 1418 516 τε
1444 450 1541 516 οίκεῐα

332 577 387 636 καί
408 577 446 638 τὰ
468 582 521 656 της
543 573 742 658 Τριφυλλίνης
764 574 929 660 οἰκήματα,
952 575 1039 638 υύδίν
1062 596 1089 638 τι
1116 573 1254 659 ὲπαφήκε
1279 577 1354 657 πρὸς
1378 571 1472 656 αύτήν
1493 575 1542 633 καί

333 689 454 754 ἐκεῖθεν
476 690 685 775 ἀπιδημούσαν
707 698 761 754 καί
783 690 1001 776 εύρισκομίνην
1024 693 1174 768 ἐνταῦθα,
1202 692 1283 756 ἀλλὰ
1307 689 1382 774 πρόὲ
1407 693 1462 776 τήν
1489 685 1541 773 ῥη·
1611 689 1612 724 ³

332 811 441 870 θεῖσαν
464 810 558 892 μονήν
580 819 633 893 της
655 821 751 892 κυρᾱς
773 811 908 894 Μαρίας,
935 809 976 882 ὡς
1003 808 1066 894 μετ’
1089 809 1258 894 ἀσφαλείας
1280 807 1473 892 ὡμολογήθη
1494 811 1544 868 καί

334 935 424 990 τούτο
455 933 538 1011 παρὰ
564 938 617 992 τού
644 935 754 1013 μίμους
781 941 834 1014 τής
861 928 954 1014 αὐτῆς
983 941 1093 1014 μυνής,
1121 930 1196 1012 ἔσχε
1222 929 1257 992 δὲ
1284 930 1336 1012 τήν
1361 937 1494 990 νικῶσαν
1525 923 1542 1008 ή

334 1043 519 1130 Τριφυλλίνα
541 1045 588 1110 ἀπί
610 1059 685 1112 πάσι
706 1051 823 1120 τούτοις
846 1048 1074 1132 ἀντικρινυμίνη
1097 1049 1242 1132 τιρμίρει
1269 1058 1323 1132 τῆς
1344 1047 1544 1130 Βρυεννίσσης

334 1166 388 1224 καί
410 1167 510 1248 ζώσης
531 1169 587 1228 καί
609 1167 844 1250 τελευτησάσης,
866 1169 975 1238 καθὼς
998 1172 1036 1230 τὰ
1060 1165 1108 1230 ίπί
1129 1169 1223 1248 τούτῳ
1240 1169 1402 1246 σεκρετικά
1417 1165 1542 1226 δικαιο-

334 1284 424 1366 τήρια
457 1287 623 1367 γράμματα
656 1287 809 1362 διέξεισιν,
842 1283 915 1369 ύπερ
945 1284 1166 1366 ἐπεβεβαίωσεν
1198 1279 1286 1346 υύδίν
1318 1280 1409 1368 ήττον
1442 1286 1497 1344 καί
1526 1277 1543 1362 ἡ

334 1403 431 1483 σιωπή
454 1402 503 1465 ίπί
525 1413 563 1486 τῇ
584 1407 693 1486 πράσει
715 1413 768 1467 τού
791 1410 982 1488 μαγκιπείυυ,
1005 1401 1046 1476 ιδς
1068 1403 1193 1486 εἴρηται,
1216 1411 1270 1486 της
1290 1423 1323 1464 τε
1341 1399 1544 1481 Μαγιστρίνης
1612 1418 1613 1440 ¹

333 1520 388 1580 καί
419 1527 472 1580 τού
495 1517 604 1603 ἀνδρός
637 1517 740 1606 αύτής,
773 1527 927 1605 παρόντων
952 1525 1006 1584 καί
1033 1519 1211 1606 ἀμφοτίρων
1243 1528 1412 1602 τηνικαῦτα
1445 1517 1477 1582 ἀν
1509 1525 1544 1598 πή
1612 1603 1613 1620 φ

333 1635 530 1718 θευδοξάστιρ
562 1643 617 1702 καί
640 1641 878 1723 θεσμεγαλύντιρ
903 1639 1231 1714 Κωνσταντινουπόλει,
1263 1641 1317 1700 καί
1350 1638 1409 1720 μήν
1441 1639 1497 1697 καί
1526 1629 1544 1715 ή
1612 1725 1613 1740 φ

335 1754 488 1839 ίγγραφος
510 1761 680 1830 συναίνεσις
701 1759 789 1821 τούδε
816 1768 869 1822 τού
891 1758 1067 1842 Μαγίστρου
1094 1757 1142 1820 ἐπί
1167 1756 1209 1839 τῷ
1233 1758 1371 1833 γεγονότι
1395 1751 1466 1836 παρ’
1490 1749 1545 1813 αύ-
1612 1743 1613 1772 ³

334 1881 387 1936 τοῦ
421 1877 578 1958 γράμματι
609 1887 648 1961 τη
673 1875 872 1963 Τριφυλλίνγγ,
906 1876 987 1940 ἀλλά
1012 1878 1050 1960 δή
1078 1879 1132 1938 καί
1156 1871 1176 1958 ή
1204 1870 1362 1958 ὑπογραφὴ
1388 1868 1409 1956 ἡ
1437 1869 1480 1940 εἷς
1513 1871 1544 1930 τό
1612 1853 1613 1856 ¹

332 1995 497 2075 πρατήριον
518 2004 576 2058 τῶν
598 1998 739 2060 τοιούτων
762 1996 945 2080 οἰκημάτων,
968 1999 1002 2059 εδ
1025 1999 1151 2072 γεγονός
1172 1997 1256 2076 παρὰ
1277 2003 1334 2054 των
1350 2001 1496 2074 μοναχῶν
1510 1998 1546 2070 πή

334 2107 503 2193 Συναδηνή.
525 2113 577 2174 διὰ
599 2123 671 2189 γοῦν
694 2118 748 2184 τὰς
770 2118 912 2185 τοιαύτας
933 2113 1032 2184 αίτίας
1056 2111 1229 2189 ἀναγκαίας
1247 2115 1301 2174 καί
1315 2109 1463 2193 νομίμους
1479 2129 1545 2190 κρι-

331 2231 462 2310 νυμίνας
483 2232 536 2292 καί
558 2235 767 2303 συντεινούσας
795 2233 837 2302 είς
859 2237 1002 2314 καθαρὰν
1029 2233 1120 2315 τήσδε
1147 2242 1201 2314 της
1227 2227 1404 2297 ὑποθέσεως
1426 2225 1546 2288 διευλύ-

333 2363 423 2408 τωσιν
451 2346 738 2434 συνδιασκεήαμίνη
764 2354 803 2412 τά
827 2355 895 2431 περί
922 2353 1027 2444 τορίτου
1053 2346 1072 2432 ή
1102 2352 1258 2430 μετριότης
1284 2344 1369 2430 ἡμῶν
1396 2347 1546 2424 τοῖςπερὶ

333 2458 426 2545 αύτήν
448 2462 620 2546 ἱερωτάτοις
642 2465 833 2550 ἀρχιερεῦσι,
855 2467 896 2552 τῷ
917 2465 1112 2550 Ἡρακλείας,
1134 2465 1175 2548 τη]
1197 2463 1482 2547 Ποντοηρακλείας,
1508 2458 1547 2542 τῷ

332 2581 642 2662 Χριστιανουπόλεως,
664 2585 705 2667 τιρ
725 2585 860 2660 Ῥωσίου,
882 2587 989 2664 διέγνω
1012 2589 1063 2648 καί
1087 2583 1273 2669 ἀπεφήνατο,
1294 2581 1345 2644 ἵνα
1364 2586 1487 2664 κατεχη
1510 2583 1546 2640 τὰ

332 2706 459 2761 τοιαῦτα
480 2705 548 2782 τρία
570 2699 764 2785 ἐργαστήρια,
786 2707 895 2774 καθείς
918 2701 1089 2786 ἐξωνήσατο
1112 2706 1145 2764 τύ
1168 2706 1260 2784 μέρος
1276 2709 1328 2762 τοῦ
1345 2699 1546 2781 Περδικάρυο,

332 2819 445 2894 κυρίως
468 2820 522 2878 καί
542 2817 739 2894 δεσποτικῶς,
767 2817 808 2890 ἀς
834 2825 1020 2903 σεεργομίνη
1047 2818 1261 2902 ἀναμφιβόλως
1283 2826 1336 2900 της
1358 2815 1407 2878 ἀπὶ
1427 2817 1545 2884 τούτοις

331 2933 509 3006 δεσποτείας
532 2945 585 3018 τής
606 2934 807 3022 Τριφυλλίνης
830 2935 949 3020 ἀκείνης
972 2941 1026 3000 καί
1047 2947 1100 3022 της
1121 2938 1233 3020 ταύτης
1255 2934 1410 3006 ίκδύσεως
1431 2944 1488 3018 πής
1504 2933 1546 3002 είς
1613 2919 1614 2924 ¹

332 3051 386 3132 τήν
414 3053 584 3134 σεβασμίαν
611 3056 705 3137 μονήν
731 3065 785 3118 τού
800 3053 896 3119 ’ύσίυυ
918 3055 1058 3130 Παύλου,
1085 3059 1140 3118 καί
1165 3050 1252 3116 οὐδὲν
1280 3049 1407 3136 εύρίσκη
1435 3051 1486 3114 ἐπὶ
1511 3061 1546 3134 τῇ

331 3180 455 3252 κατοχή
476 3174 530 3233 καί
551 3183 630 3257 νομῇ
652 3177 707 3236 καί
728 3176 831 3254 τελεία
851 3175 1015 3255 δεσποτεία
1038 3178 1094 3236 καί
1118 3175 1275 3256 κυριότητι
1300 3182 1356 3233 των
1385 3171 1546 3253 δηλωθέν-

331 3307 391 3348 των
413 3285 660 3370 ὲργαστηριακων
683 3289 858 3374 οἰκημάτων
884 3288 937 3373 τήν
963 3300 1116 3373 τυχοῦσαν
1144 3288 1285 3372 ἐπήρειαν
1310 3287 1330 3372 ή
1352 3289 1545 3371 διενάχλησιν

331 3407 415 3486 παρὰ
437 3413 490 3488 της
511 3403 718 3490 Μαγιστρίνης
740 3412 793 3470 καί
812 3411 925 3486 παντὸς
946 3416 999 3470 τοῦ
1022 3412 1131 3489 μόρους
1146 3403 1250 3489 αύτής,
1274 3403 1340 3468 ἀλλ’
1364 3405 1426 3489 ἔχη
1443 3405 1546 3469 ἄδειαν

330 3527 477 3584 παντοίαν
497 3533 591 3585 ποιεῖν
614 3521 657 3586 ἀπ’
681 3522 782 3596 αύτοῖς
808 3529 846 3588 τά
867 3529 941 3607 πρός
964 3525 1139 3608 βουλήσεως
1162 3521 1281 3586 ἅπαντα
1302 3529 1356 3586 καί
1383 3521 1446 3587 ὅσα
1468 3525 1546 3608 ἐφεί-

332 3659 382 3700 ται
403 3643 485 3722 παρὰ
508 3651 564 3702 τῶν
590 3642 773 3724 φιλευσεβιῑιν
799 3647 898 3726 νόμων
924 3653 985 3712 τοῖς
1012 3643 1139 3714 τελείοις
1164 3643 1342 3716 δεσπόταις,
1371 3640 1546 3727 δφείλοντος

331 3757 367 3816 τό
390 3753 449 3818 ἀπό
472 3758 559 3818 τυύδε
581 3763 635 3820 καί
658 3757 699 3829 είς
721 3762 755 3822 τό
778 3759 846 3844 ἑξῆς
869 3759 945 3823 εἶναι
967 3759 1082 3842 ἀκύρου
1104 3769 1157 3823 τού
1177 3762 1347 3843 προβάντος
1369 3764 1547 3844 γράμματος

332 3870 377 3942 εἰς
398 3873 556 3937 δικαίωσιν
579 3886 632 3959 ιής
653 3875 867 3960 Μαγιστρίνης,
891 3875 931 3948 ὡς
955 3876 1013 3940 ἀπό
1036 3886 1089 3960 τῆς
1111 3879 1300 3961 περιλήψεως
1316 3887 1368 3940 τού
1383 3880 1483 3940 νόθου
1498 3881 1548 3940 καί

331 3991 579 4074 πεφαλσευμίνου
602 3997 762 4077 συμφώνου
783 4001 837 4058 καί
860 3999 950 4077 μόνον
973 3997 1134 4070 γεγονότος
1155 3999 1208 4058 καί
1229 3992 1398 4078 ἀνισχύρυυ
1420 3997 1475 4059 διὰ
1497 4000 1546 4064 τὰς

333 4103 555 4183 ἀπιγεγυνυίας,
589 4107 630 4180 ἀς
657 4111 773 4192 εἴρηται
799 4109 951 4194 ἀνωτέρω,
978 4110 1146 4184 ἀποδείξεις
1173 4111 1227 4176 καὶ
1256 4115 1547 4198 κατησφαλισμένας

333 4229 497 4306 μαρτυρίας
518 4229 680 4306 κριθέντος
702 4227 756 4290 καὶ
779 4227 991 4314 ἀναφανέντος.
1014 4235 1068 4291 καί
1090 4238 1162 4305 γούν
1185 4227 1299 4313 ἀφείλει
1313 4235 1497 4315 πραχθῆναι
1512 4233 1546 4292 τὰ

331 4335 400 4422 περί
421 4343 527 4403 τούτου
549 4339 747 4422 ἀμεταδότως
763 4349 844 4408 κατὰ
860 4348 912 4429 τήν
928 4349 1089 4430 συνοδικήν
1104 4350 1214 4431 ταύτην
1229 4353 1284 4412 καί
1303 4345 1458 4433 ήμετίραν
1480 4351 1545 4412 διιί-
