3258 5282
300 285 364 351 382

306 468 465 555 ἀγιύτητα,
489 469 531 542 ύς
553 469 591 534 ἀν
611 473 765 554 γινύσκης
781 473 815 534 τύ
830 481 956 557 πρᾶγμα
972 471 1012 544 ἀς
1028 471 1158 551 ἀγένεπο,
1180 477 1297 558 μῆπυτε
1312 473 1417 544 άλλως
1433 473 1527 537 ἀκου-

304 591 382 654 σθέν
404 591 569 674 θοροβῆση
592 591 645 673 τῆν
669 590 724 674 σῆν
748 587 911 674 άγιύτηπα·
945 596 1079 673 καὶγὰρ
1106 589 1179 674 ὅπερ
1205 591 1316 674 ἔμελλε
1341 596 1486 676 ποιῆσειν
1509 615 1527 675 η

303 705 464 790 ἀγιάσύνη
481 729 537 771 σου
559 711 662 791 χάριτι
682 711 761 771 θεοῦ
784 706 832 770 έπί
854 710 1009 780 τοιούτοις.
1023 707 1174 792 ἀθέσμοις
1194 713 1356 792 πράγμασι
1370 713 1526 786 γνωσθεί-

301 847 349 888 σιν
382 824 604 909 ἀριδηλόταοα,
639 823 712 890 αύτύ
735 835 823 889 τοῦτο
849 831 999 910 πεποίηκε
1025 825 1124 912 καίὴ
1152 832 1310 912 μετριότης
1339 825 1441 912 ἡμῠν,
1476 831 1528 890 καί

301 947 401 1028 χρεύν
429 943 494 1006 ἀστι
525 945 578 1027 τῆν
611 946 667 1028 σῆν
694 942 844 1029 ἀγιύτηεα
874 941 1160 1028 ύπεραποδέεασθαι
1187 955 1275 1008 τούτο
1303 943 1345 1017 ἀς
1377 947 1528 1030 θεοφιλές

302 1059 358 1123 καί
379 1063 583 1143 πνευματικὸν
607 1060 706 1144 ἔργον.
731 1061 856 1146 έρρυσο,
880 1060 1030 1140 ἀγιύτατε
1052 1063 1195 1138 δέσποτα,
1219 1064 1251 1128 έν
1273 1068 1368 1146 κορίιρ
1385 1061 1529 1145 ἀγαπητά
1615 1083 1616 1089 ’

302 1178 417 1266 ἀδελφέ
441 1185 496 1245 καί
517 1181 730 1265 σολλειτουργέ
752 1160 805 1266 τῆς
826 1178 912 1265 ἡμῶν
935 1185 1128 1266 μετριότητος
1149 1185 1179 1260 †.

556 1365 688 1432 CLXX.
703 1365 941 1444 (6867-1359)
959 1365 1098 1430 ἰουυετίο
1112 1363 1175 1428 ind.
1191 1365 1264 1430 ΧΗ.

668 1505 794 1578 synodus
815 1507 920 1560 dirimit
933 1509 1151 1563 controversiam.

384 1658 405 1732 †
431 1652 623 1736 Παρίσταται
652 1651 695 1734 τῷ
720 1650 796 1714 καθ’
824 1649 907 1736 ἡμᾶς
933 1649 1003 1735 ἱερῷ
1030 1651 1182 1734 συνοδικηῐ
1206 1651 1398 1736 δικαστηρίῳ
1425 1654 1448 1737 ῆ
1474 1659 1528 1714 τού

298 1771 399 1835 Χύτου
421 1767 615 1856 Εύφροσύνη,
638 1773 693 1832 κἀἰ
715 1767 873 1854 ἀνέφερεν,
900 1767 942 1842 ὃς
971 1771 1161 1854 σονείεύχθη
1189 1768 1274 1851 ἀνδρί
1301 1775 1384 1832 κατά
1413 1775 1530 1852 νόμους

298 1888 445 1970 Νικολάῳ
468 1887 510 1971 τῷ
530 1897 583 1951 τού
605 1888 769 1963 Χαλκίονς,
795 1886 850 1950 καὶ
875 1891 1114 1982 κατεγράφησαν
1141 1891 1195 1970 μέν
1219 1884 1296 1970 αύτῆ
1319 1892 1374 1950 καί
1395 1889 1528 1970 προικὸς

299 2010 390 2090 χάριν
411 2009 587 2089 πράγματα,
610 2003 669 2070 ὅσα
684 2007 763 2089 δῆτα
784 2010 839 2068 καί
853 2010 1101 2091 κατεγράφησαν,
1124 2010 1305 2092 κατεγράφη
1320 2009 1355 2069 δέ
1372 2003 1454 2090 αὐτῇ
1471 2009 1528 2068 καί
1616 2073 1617 2100 φ

292 2147 325 2187 ,τι
348 2123 517 2208 ἀμπέλιον,
534 2125 728 2206 διακείμενον
753 2127 820 2206 περί
846 2125 899 2208 τῆν
925 2128 1112 2188 τοποθεσίαν
1138 2134 1191 2188 τού
1208 2173 1335 2202 ......
1366 2129 1461 2188 καθά
1488 2123 1526 2206 δὴ
1615 2123 1618 2266 Ι

296 2247 351 2305 καί
373 2241 415 2324 τῷ
437 2245 586 2326 συμφώνῳ
609 2243 721 2324 ταύτης
741 2239 1002 2326 έμπεριείληπται·
1028 2241 1156 2306 ἀπέτεκε
1178 2244 1213 2306 δέ
1232 2248 1285 2306 καί
1301 2245 1425 2306 παιδίον
1440 2242 1526 2326 θῆλυ

295 2358 328 2433 ie
350 2357 443 2422 αύτού
466 2360 504 2442 δῆ
532 2367 584 2421 πού
612 2359 775 2433 Χαλκέυς,
803 2359 820 2420 θ
847 2360 885 2441 δῆ
908 2359 949 2442 τῷ
976 2362 1031 2442 βίιρ
1056 2366 1199 2443 περίεστι.
1228 2361 1348 2446 έφθασε
1377 2365 1485 2442 μέντοι
1507 2355 1525 2420 ἀ

295 2487 431 2550 τοιοῦτος
455 2475 539 2561 ἀνῆρ,
562 2481 616 2540 καί
638 2475 678 2546 ύς
701 2485 753 2538 τοῦ
780 2476 931 2560 ἀμπελίου
948 2479 988 2561 μῆ
1007 2477 1229 2560 ἀποδιδομένου
1243 2482 1325 2540 κατὰ
1340 2479 1375 2540 τύ
1390 2487 1523 2560 πρῶτον,
1617 2522 1618 2526 ,

298 2598 410 2679 έλαβιν
434 2595 550 2680 οἴκημά
572 2617 600 2658 τι
622 2593 687 2658 ἀντί
708 2597 815 2658 τούτου
836 2600 919 2678 παρά
941 2600 1063 2680 γνώμην
1084 2601 1138 2658 καί
1161 2597 1276 2680 εἴδησιν
1298 2605 1353 2679 τῆς
1376 2598 1526 2673 γοναικύε

297 2713 328 2776 έν
351 2725 388 2797 τῆ
412 2716 583 2794 τοποθεσίιρ
604 2723 657 2775 τού
672 2713 810 2797 Ἐφόρου,
834 2711 907 2796 ὅπερ
923 2717 1058 2796 κατέσχε
1074 2715 1111 2796 δῆ
1134 2715 1216 2796 λύγῳ
1238 2723 1292 2797 τῆς
1311 2714 1521 2790 γυναικαδέλ·

296 2854 355 2918 φης
378 2828 481 2906 αύτσύ,
503 2840 557 2913 τῆς
579 2841 719 2914 μοναχῆς
733 2829 880 2914 Μαρίνης.
903 2827 923 2913 ἡ
940 2839 1011 2908 γοῦν
1027 2827 1345 2915 τοιαύτηΕύφροσύνη
1360 2832 1415 2914 τῆν
1431 2829 1519 2908 ἀγυ-

296 2952 353 3034 γῆν
374 2958 504 3012 κινοῦσα
526 2953 604 3031 μετὰ
625 2956 678 3010 τού
699 2949 822 3011 παιδίου
844 2945 938 3032 αύτῆς
959 2954 1026 3032 περί
1049 2958 1102 3032 τῆς
1113 2952 1248 3032 προικὸς,
1265 2947 1468 3014 ἀνακαλεῖται
1485 2950 1519 3011 τύ

294 3069 444 3152 προικῷον
466 3069 578 3150 ταύτης
601 3065 758 3150 ἀμπέλιον,
783 3069 823 3152 μῆ
848 3069 1018 3152 βουλομένη
1041 3071 1185 3151 κατέχειν
1208 3071 1241 3130 τύ
1257 3068 1382 3151 οἴκημα,
1406 3067 1463 3132 ἅτε
1479 3069 1517 3150 δὴ

294 3191 378 3268 παρὰ
405 3186 457 3270 τῆν
483 3187 595 3269 ταύτης
624 3185 768 3267 βούλησιν
796 3188 976 3271 φθάσαντος
1005 3165 1110 3266 λαβεῖν
1137 3181 1210 3248 αύτύ
1237 3194 1289 3248 τοῦ
1321 3184 1446 3267 ἀνδρὸς,
1476 3185 1518 3256 ὡς

294 3307 479 3388 δεδῆλιοται,
510 3302 679 3366 κάντεῦθεν
710 3301 856 3387 έίῆτησεν
883 3301 1096 3386 ἀντικριθῆναι
1118 3303 1268 3385 Γευργίιρ,
1299 3304 1341 3384 τῷ
1365 3303 1518 3388 Φύστηρι
1618 3301 1619 3306 ’

297 3422 562 3504 έπονομαίομίνιρ,
589 3421 717 3502 γαμβριρ
744 3418 790 3482 ἀπ’
821 3419 940 3504 ἀδελφῇ
967 3423 1077 3504 ταύτης
1104 3423 1281 3503 τυγχάνοντι
1299 3423 1353 3480 καί
1380 3430 1440 3481 τῶν
1467 3423 1515 3484 δι-

294 3547 390 3604 καίων
419 3550 472 3624 τῆς
500 3549 639 3622 μοναχῆς
660 3537 799 3621 Μαρίνης
828 3537 1078 3620 ἀντιποιουμένῳ·
1100 3541 1281 3620 προτραπεὶς
1304 3543 1401 3598 τοίνυν
1425 3535 1515 3607 ούτος

295 3657 555 3742 ἀπολογήσασθαι
580 3655 781 3739 προεβάλετο,
809 3657 851 3739 μῆ
875 3657 1115 3739 συμφυνηθῆναι
1141 3665 1178 3738 πῆ
1206 3651 1383 3740 Εύφροσύνη
1411 3658 1446 3716 τύ
1470 3654 1515 3718 εὶ-

295 3780 424 3858 ρημένον
447 3773 605 3857 ἀμπέλιον,
629 3774 710 3837 ἀλλά
737 3774 854 3854 μᾶλλον
883 3775 916 3834 τύ
944 3773 1073 3856 οἴκημα,
1099 3776 1153 3834 καί
1180 3774 1231 3834 διά
1257 3779 1345 3832 τούτο
1373 3769 1513 3858 έξητῆθη

293 3898 376 3956 κατὰ
398 3896 431 3954 τύ
455 3893 537 3963 είκύς
559 3890 787 3977 ἐμφανισθῆναι
808 3895 891 3974 παρὰ
913 3901 966 3978 τῆς
989 3894 1132 3968 γυναικὸς
1160 3894 1194 3952 τύ
1219 3892 1336 3972 πρσβάν
1362 3893 1513 3976 προικιβσν

295 4014 471 4097 σύμφωνον·
496 4008 558 4072 ἐπεί
581 4012 616 4072 δέ
639 4009 760 4096 έφθασε
782 4019 870 4071 τοῦτο
892 4011 1060 4091 κλαπῆναι,
1084 4006 1125 4078 ὡς
1146 4009 1322 4082 διετείνετο,
1347 4013 1434 4090 παρά
1461 4019 1513 4073 τού

295 4129 430 4215 ἀδελφού
458 4125 561 4210 αύτῆς,
587 4127 709 4212 Νικῆτα
731 4136 784 4190 τού
810 4126 976 4201 Ἃλυάτου,
1007 4124 1044 4209 ῆν
1075 4127 1110 4186 δὲ
1145 4123 1161 4188 ὁ
1189 4125 1467 4210 Φιλομῆτης....
1494 4126 1510 4190 ὁ

294 4250 489 4330 καταοτάτης
512 4245 666 4328 ἀνάδοχος
690 4244 829 4329 ἀρχῆθεν
850 4249 904 4308 καί
925 4245 1127 4327 προικοδύτης
1153 4249 1207 4306 καί
1229 4245 1341 4328 ἀκριβῆ
1364 4255 1418 4328 τῆς
1434 4243 1508 4309 im-

293 4369 412 4434 θέσευς
446 4363 526 4448 έχων
556 4364 682 4446 εἴδησιν,
705 4362 869 4446 έροιτηθείς
903 4364 1123 4444 διεμαρτύρατο
1157 4361 1220 4444 μετ’
1254 4361 1425 4447 ἀσφαλείας
1458 4375 1510 4449 τῆς

293 4484 524 4567 προσηκούσης,
558 4479 599 4552 ἀς
626 4491 690 4551 ταῖς
717 4479 881 4564 ἀληθείαις
907 4485 969 4558 (τὸ)
996 4489 1132 4542 τοιοῦτον
1158 4480 1305 4564 ἀμπέλιον
1330 4487 1509 4568 κατεγράφη
