3284 5282
312 459 414 540 πλάνη
436 467 494 519 τῶν
516 456 559 526 είς
580 459 632 518 τόν
653 465 789 518 τοιοῦτον
814 459 902 519 τόπον
925 453 1149 538 εὑρισκομένων
1172 455 1371 536 Βαγομίλεεν,
1398 452 1524 539 ύπυχιε-

313 587 358 656 ρει
378 579 432 636 καί
452 578 519 656 περί
545 592 611 635 τινα
638 578 715 656 μίρη
743 583 796 656 τὴς
819 573 1050 655 Χαριουπόλευς
1076 583 1222 634 κατοικεῖ.
1254 576 1316 634 καί.
1333 571 1381 634 ἐπί
1402 577 1526 654 χρόνοις
1638 571 1639 576 ’

312 690 373 775 ἡόη
396 689 483 752 ύννία
510 691 605 772 ταύτη
634 689 863 772 ίνδιοιτρίβοντε,
897 687 996 762 ούύείς
1022 695 1093 755 ποτί
1127 711 1155 752 τι
1182 693 1263 752 κατὰ
1289 699 1342 772 της
1368 685 1527 770 εύσεβείασ

314 804 407 872 πότου
427 809 624 891 προσίτριψεν
648 804 728 889 αύτῷ
750 809 902 890 ἔγκλημα,
930 817 980 870 νύν
1003 809 1036 870 όί
1065 807 1082 872 ό
1110 809 1292 892 διαληφθεὶς
1315 807 1527 871 Χαλκεύπου-

313 929 377 1002 λος,
399 925 435 989 ύκ
457 927 573 989 πολλού
594 931 668 1008 πρός
691 923 781 989 αύτύν
805 926 952 1010 ἀπεχθῶς
975 928 1065 1010 ἔχων,
1082 925 1146 989 ίπεί
1160 929 1287 1010 ρόσίσας
1301 925 1441 1009 ἀνίμαύε
1456 947 1518 1008 παρ

314 1039 418 1119 αὐτού,
442 1041 488 1107 ὅτι
510 1044 548 1127 όὴ
571 1043 683 1127 όπίστη
704 1048 778 1106 ποτί
800 1044 842 1126 τῷ
861 1047 987 1126 τοιούτῳ
1009 1047 1090 1126 τόπερ
1113 1053 1165 1106 τού
1181 1043 1366 1124 Ποκοβίκου,
1391 1049 1429 1107 τὰ
1445 1043 1527 1107 ἄλλα

314 1183 357 1238 τε,
379 1160 477 1226 ὁπόσα
499 1163 673 1248 δεόὴλευται·
690 1161 722 1224 ἐν
744 1163 782 1248 τη
806 1164 922 1249 γραφη,
945 1166 1141 1247 κατηγόρησε
1158 1161 1228 1226 κατ’.
1249 1160 1343 1228 αύτού
1357 1168 1411 1226 καί
1425 1183 1527 1226 πανα-

315 1285 384 1356 γίαν
404 1285 547 1365 ρίρονεος
574 1282 803 1364 όεδεσμημίνην
831 1277 887 1344 ύπό
914 1284 967 1365 τὴν
993 1283 1168 1364 καλύπτραν
1194 1291 1248 1364 της
1270 1277 1363 1344 αύτυύ
1388 1282 1528 1365 κεραλης

315 1395 375 1462 ἀπὸ
397 1408 455 1460 τῶν
478 1408 575 1481 μερῶν
598 1407 651 1482 της
666 1395 845 1482 Ἀνατυλὴς,
861 1399 986 1479 ύιίβαλε
1008 1401 1061 1461 καί
1076 1399 1166 1474 εἶπεν,
1189 1395 1225 1461 ού
1240 1407 1329 1461 τοῦτο
1345 1399 1433 1478 εἶναι,
1454 1395 1529 1479 ὅπερ

315 1513 366 1598 ἡν,
394 1513 461 1578 ἀλλ’
488 1514 590 1599 ἕτερόν
617 1537 645 1579 τι
668 1519 820 1600 σύμβολον
843 1523 896 1580 καί
918 1523 1038 1600 μίασμα
1064 1527 1117 1600 τῆς
1144 1527 1202 1580 τῶν
1223 1517 1411 1598 Βαγομίλεεν
1440 1515 1527 1598 αἱρί-

314 1655 400 1704 σευις.
424 1631 441 1697 ὁ
463 1638 561 1696 τοίνυν
583 1634 786 1716 Βλαστιίριος,
805 1633 950 1707 ύξετασας
971 1645 1102 1704 τοπικῶς
1124 1636 1177 1718 την
1194 1631 1340 1698 ύπόύεσιν
1362 1637 1417 1695 καί
1438 1636 1524 1694 καθ-

313 1751 411 1817 όλκυν
437 1753 489 1814 τόν
515 1748 606 1840 αύτόν
632 1753 891 1828 Χαλαεύπουλον,
924 1753 1031 1814 όούναι
1056 1755 1246 1834 παράστασιν
1271 1753 1378 1813 τούτου
1404 1751 1444 1832 δὴ
1472 1755 1527 1811 τού

312 1867 516 1952 ίγκλὴματος,
540 1865 607 1952 εύρε
630 1872 672 1954 μὴ
694 1871 861 1954 δυνάμενον
884 1865 926 1942 είς
948 1877 1037 1932 τούτο
1058 1875 1248 1953 παράστασιν
1271 1871 1377 1932 δοῦναί
1391 1889 1459 1931 τινα
1473 1871 1529 1930 καί

313 1986 474 2063 ἀπόδειξιν,
497 1985 578 2050 ἀλλὰ
598 1989 846 2072 προβαλλόμενον
868 1989 905 2051 ίκ
928 2009 1007 2059 τινος
1021 1983 1211 2060 Τίιοπυύλου
1237 1989 1404 2071 λεγομίνου
1427 1986 1528 2050 ἀκού-

311 2125 375 2181 σαι,
398 2101 458 2169 όσα
479 2107 558 2191 όηεα
579 2111 634 2170 καί
655 2109 779 2192 ίγραψε.
801 2111 856 2170 καί
877 2115 973 2169 ταῦτα
994 2107 1032 2190 όὴ
1056 2105 1223 2185 ανενίγκας
1244 2105 1436 2190 όόηλοιόείς
1449 2125 1524 2189 πρε-

312 2225 457 2307 σβύτερος
472 2223 593 2308 ίόεὴόη
611 2223 677 2308 ἅμα
693 2225 929 2319 μετακληύηχαι
943 2227 994 2287 τόν
1009 2233 1145 2287 τοιοότον
1160 2223 1348 2296 Τίιόπουλον
1362 2227 1417 2285 καί
1430 2241 1524 2284 συνο-

311 2343 406 2412 όικύς
431 2345 578 2419 γενίσύαι
599 2345 654 2405 τόν
678 2347 745 2425 περί
769 2351 823 2405 τού
848 2343 990 2404 τοιούτου·
1012 2339 1206 2424 ίγειλὴματος
1239 2342 1377 2424 ἔλεγχον.
1411 2345 1529 2417 γίνεται

311 2469 472 2544 τοιγαροῦν
493 2462 686 2545 μετόκλητος
708 2457 845 2536 όνταύόα
865 2466 921 2528 καί
942 2460 959 2524 ύ
981 2457 1073 2532 αύτός
1087 2461 1283 2536 Τίιόπουλος,
1306 2465 1361 2523 καί
1381 2464 1460 2544 μετὰ
1474 2468 1528 2542 της

313 2583 531 2665 προσηκούσης
553 2579 725 2666 ἀσφαλείας
746 2578 912 2664 ύρατηόείς
934 2578 1132 2665 ἆναιιαλύόαι
1144 2584 1199 2643 καί
1213 2578 1446 2664 ιἰνυμυλυγησαε
1458 2587 1530 2655 τόν,

313 2695 387 2762 ὅσον
407 2703 491 2762 κατὰ
511 2707 565 2779 τού
587 2699 726 2767 τοιούτου
746 2697 948 2782 πρεσβυτίρου
961 2701 1099 2762 σύνοιόεν
1123 2699 1265 2782 ἀκριβῶς,
1278 2699 1531 2780 ’ίιεβεβαιύσατο

312 2819 497 2899 ’μεμνῆσθαι
515 2819 572 2899 πρό
595 2821 712 2900 χρόνον
735 2813 823 2879 ίννία
844 2814 1003 2900 ἐπιστῆναι
1024 2817 1066 2898 τερ
1087 2817 1234 2900 είρημίνιρ
1256 2819 1341 2899 τόπερ
1352 2823 1406 2878 τού
1421 2815 1529 2878 Houo-

310 2935 400 3014 βίπου
418 2938 505 2998 κατὰ
527 2938 722 3018 χρείαντινύ
743 2939 799 2998 καί
823 2935 898 2998 ίόείν
927 2931 1018 2998 αύτύν
1044 2933 1075 2998 ἰν
1102 2933 1230 3020 ἡμεραις
1256 2937 1332 2998 τισίν
1354 2930 1448 2996 αὐτοῦ
1470 2941 1530 2996 κού

312 3047 550 3134 λνόιατρίβοντα,
566 3053 678 3118 ,ἔπειτα
700 3055 745 3130 όί,
763 3050 805 3125 ύς
825 3056 882 3137 πρό
897 3051 963 3124 ίνός
977 3052 1039 3137 ἤδη
1054 3057 1165 3136 χρόνου
1180 3054 1383 3136 συμβίβηιιεν,
1406 3049 1530 3114 λιιιῑόεν

312 3168 487 3256 ύρελίσόαι
522 3173 723 3255 πρεσβύτερόν
755 3191 822 3238 τινα
856 3175 1026 3255 πράγματα·
1054 3153 1122 3234 καί
1142 3169 1322 3258 ἀποφυγεῖν,
1358 3169 1455 3244 ίξείπε
1487 3171 1529 3255 τῷ

312 3285 559 3370 Χαλκευπούλιρ
573 3293 611 3354 τὰ
636 3295 705 3373 περί
727 3293 845 3366 τούτου,
861 3293 922 3352 καί
949 3289 982 3361 ός
1004 3286 1094 3352 αύτόν
1116 3291 1336 3373 κατηνάγκασε
1358 3289 1528 3370 διαβαλεῖν,

311 3417 419 3470 τοῦτον
442 3405 557 3471 ίκεϊνον
571 3383 658 3477 Ιεἶναι
680 3411 731 3471 τόν
752 3409 1037 3491 πρεσβύτερονκαί
1059 3411 1176 3490 μισθόν
1205 3403 1277 3488 ύπίρ
1304 3415 1358 3489 της
1376 3409 1529 3491 τοιαύτης

311 3527 460 3610 ύιαβυλὴς
485 3528 589 3609 λαβεῖν
615 3524 684 3610 παρ’
702 3524 818 3603 αύευύ,
846 3531 884 3590 τὰ
910 3524 1006 3610 ἡμίση
1034 3537 1090 3610 ιης
1115 3526 1196 3596 ίόίας
1221 3521 1315 3588 αότού
1340 3531 1527 3608 περιουσίας.

312 3639 408 3715 οόευς
430 3641 483 3709 σύν
510 3655 563 3709 τού
586 3645 746 3729 είρημίνου
772 3649 1018 3729 μαρτυρήσαντος
1039 3645 1242 3717 Τίιοπούλοο,
1269 3642 1527 3729 μότηνοίνεροίνη

312 3763 494 3847 διαβληθείς
516 3763 534 3828 ό
554 3766 764 3846 πρεσβύτερος.
788 3763 816 3828 εί
837 3768 891 3847 μίν
914 3769 972 3845 γὰρ
994 3765 1036 3847 μὴ
1052 3767 1134 3826 κατὰ
1154 3767 1261 3845 χρείαν
1277 3761 1455 3840 ἀναγκαίαν
1472 3766 1527 3824 καί

310 3887 551 3959 κατεπείγουσαν
573 3883 684 3968 ίκόσεη
699 3883 741 3966 τῷ
765 3885 891 3966 τοιούτῳ
910 3886 991 3964 τόπερ
1013 3893 1067 3949 τού
1082 3882 1268 3962 Πυκοβίκοο,
1291 3885 1345 3944 καί
1359 3879 1404 3944 λα’
1420 3879 1526 3958 ύλίγον

310 3995 423 4062 αότόόι
433 4006 702 4086 προσκαρτερούσας
713 3998 917 4086 ύπεχύρησεν,
929 3999 1021 4086 ἡνίκα
1036 4011 1091 4084 τῆς
1103 4003 1219 4084 πλάνης
1234 3999 1368 4084 η’σόετυ,
1380 4005 1434 4063 καί
1448 3996 1525 4062 σύκ-

308 4121 355 4180 ίτι
374 4119 408 4180 τό
428 4115 612 4184 ἀπ’ύκείνου
627 4115 807 4204 ύπίστριὴεν
829 4117 937 4194 ύκεῑσε,
957 4119 1039 4203 εἶχεν
1054 4117 1159 4181 ἂνααί
1178 4113 1310 4202 ύπσψίαν
1337 4120 1443 4182 ίούναί
1457 4137 1526 4182 τινα

310 4243 363 4318 της
379 4236 727 4320 τοιαύτηςκατηγυρίας,
751 4236 855 4320 aanor}
867 4237 902 4299 ύί
918 4233 974 4310 ύπό
986 4245 1040 4319 της
1051 4239 1290 4320 κατεπειγούσης
1302 4231 1393 4298 αύτύν
1405 4233 1524 4304 ίνόείας

308 4353 500 4440 ἑπεόὴμησεν
523 4354 566 4427 είς
589 4357 640 4418 τὸν
659 4364 794 4419 τοιοῦτον
809 4359 909 4430 τόπον,
932 4358 1013 4438 μεύό
1029 4355 1063 4417 όί
1082 4353 1200 4439 βσόετο
1223 4365 1276 4439 της
1299 4357 1425 4438 πλάνης,
1448 4349 1522 4416 ύπε-

310 4477 450 4558 χύρησεν
473 4471 603 4550 όκείθεν,
626 4478 680 4538 καί
701 4470 790 4537 ούόίν
812 4470 925 4556 εύρίόη
948 4471 1026 4546 ύλιις
1050 4477 1127 4556 μετὰ
1154 4483 1249 4538 ταύτα
1276 4472 1455 4538 ἐπανελθὼν
1482 4472 1540 4545 τίς·
