3282 5270
1282 293 1339 357 521

121 485 231 569 πάσης
252 481 380 557 Ῥασίας
401 487 456 548 καί
477 478 651 569 ὑπέρτιμσν,
685 481 716 546 έν
750 482 827 568 ἁγίῳ
849 483 994 566 πνεὺματι
1017 479 1175 564 ἀγαπητὸν
1209 475 1343 562 ἀδελφόν

123 612 184 687 τῆς
204 600 290 688 ἡμῶν
312 607 505 688 μετριότητος
525 609 579 667 καί
605 605 848 687 σύλλειτουργόν,
883 603 916 665 ὃν
949 601 1116 686 ἐχαρίσατο
1139 596 1205 682 ὑμῖν
1227 595 1244 660 ὑ
1266 598 1343 668 θεός

124 721 183 784 διὰ
203 733 260 785 τῶν
281 719 436 806 ἡμετέραν
458 733 577 806 χειρῶν,
600 725 652 806 τήν
673 728 845 806 πρέπουσαν
868 721 944 784 αἰδῶ
964 719 1019 783 καὶ
1040 721 1129 802 τιμὴν
1149 720 1204 783 καὶ
1226 713 1341 780 ὑποτα-

124 841 187 922 γὴν
209 845 262 903 καί
285 837 459 910 εὐπείθειαν
481 845 535 904 καί
556 847 696 924 στέργετε
719 849 823 904 τοῦτον
846 843 899 900 καί
920 843 958 901 τὰ
979 835 1048 920 παρ’
1061 834 1154 900 αὑτοῦ
1176 837 1341 918 λεγόμενα,

126 955 171 1029 ὃς
205 968 258 1043 της
280 957 451 1043 λκκλησίας
474 959 532 1021 οἱοί
554 965 682 1042 γνήσιοι,
714 961 823 1030 καθιῦς
845 957 983 1043 ὀφείλετε
1007 965 1142 1039 στέργειν
1163 957 1217 1018 καί
1250 950 1342 1016 αὑτόν

125 1079 181 1139 τάν
213 1080 299 1154 θεὸν,
333 1077 396 1141 έπεί
428 1081 486 1160 γάρ
509 1074 525 1138 ὁ
547 1079 624 1148 θεὸς
646 1079 698 1158 τὴν
720 1075 805 1160 ἡμῶν
827 1080 1010 1160 μετριότητα
1032 1075 1135 1148 ἔταξεν
1168 1074 1341 1156 προστάτην

125 1205 187 1262 τῶν
220 1193 399 1280 ἁπανταχοῦ
431 1206 486 1281 τῆς
509 1195 689 1280 οἰκουμένης
711 1192 931 1279 εὑρισκομένων
956 1204 1137 1278 χριστισινιῦν
1159 1197 1214 1256 καί
1244 1193 1342 1276 κηδεα

126 1318 208 1396 μόνα
230 1319 285 1377 καί
307 1315 484 1398 φροντιστὴν
505 1325 563 1377 τοῖν
586 1319 689 1399 ψυχῶν
712 1311 825 1390 αὑτοῖν,
857 1318 968 1386 πάντες
1000 1313 1043 1386 εὶς
1077 1314 1132 1396 έμέ
1155 1309 1342 1385 ἀνάκεινται,

124 1415 340 1512 πατέρα’ὄντα
362 1437 415 1498 καί
434 1435 625 1498 Ιδιδάσκαλον
645 1437 773 1498 πάντων.
797 1433 824 1496 ελ
846 1439 900 1518 μέν
923 1432 975 1498 οὑν
996 1433 1034 1518 ἠν
1056 1434 1193 1507 δυνατόν,
1206 1430 1260 1515 ἐμὲ
1284 1426 1342 1494 αὑ-

127 1554 180 1616 τὸν
202 1551 386 1634 διέρχεσθαι
407 1557 461 1624 τάς
484 1550 663 1636 ἁπανταχοῦ
685 1563 739 1638 τῆς
761 1563 817 1638 γῆς
838 1554 943 1624 πόλεις
975 1557 1029 1616 καί
1050 1556 1155 1636 χώρας
1174 1553 1230 1614 καί
1252 1550 1344 1610 διδά-

128 1693 213 1742 σκειν
235 1669 267 1734 ἀν
290 1667 400 1743 αὑταῖς
417 1674 468 1732 τόν
490 1672 582 1747 λόγον
604 1679 656 1734 τοῦ
678 1675 766 1747 θεοῦ,
789 1672 918 1754 ἔμελλον
941 1680 1029 1734 τοῦτο
1048 1681 1144 1734 ποιεῖν
1167 1665 1342 1750 ἀπαραιτη·

126 1813 195 1866 τως,
219 1789 323 1872 ἐπειδὴ
346 1793 435 1852 τοῦτό
458 1787 523 1852 ἐστι
544 1794 578 1852 τό
602 1790 712 1871 ἔργον·
747 1789 811 1852 ἐπεί
833 1791 868 1852 δέ
891 1788 1040 1852 ἀδὺνατόν
1073 1786 1163 1864 ἐστιν,
1195 1784 1251 1850 ένα
1283 1784 1342 1848 ἀν·

125 1913 249 1992 θροπον
272 1905 390 1992 ἀσθενῆ
412 1913 467 1970 καί
488 1907 651 1992 ἀνίσχυρον
674 1909 717 1980 τίς
738 1919 839 1972 πᾶσαν
861 1911 915 1993 την
948 1894 1128 1992 οἰκουμένην
1160 1915 1341 1990 περιπατεῖν,

125 2023 288 2102 έκλέγεται
309 2021 328 2110 ἠ
352 2029 511 2109 μετριότης
532 2023 617 2109 ἡμῶν
640 2027 709 2097 τοῦς
730 2021 904 2108 κρείττονας
927 2030 981 2088 καί
1001 2030 1189 2108 προέχοντας
1216 2023 1341 2106 ἀνθρώ-

123 2163 202 2215 πους
223 2139 292 2206 κατ’
304 2141 423 2228 ἀρετὴν,
445 2146 500 2206 καί
520 2146 690 2228 καθίστησι
711 2147 766 2207 καί
780 2155 947 2227 χειροτονεῖ
960 2147 1107 2228 ποιμένας
1122 2145 1176 2203 καὶ
1190 2143 1344 2204 διδασκά-

124 2263 200 2332 λους
221 2265 276 2323 καί
299 2259 459 2344 ἀρχιερεῖς,
481 2266 535 2324 καί
556 2266 667 2344 πέμπει
688 2265 763 2346 πρὸς
784 2267 822 2325 τὰ
845 2267 923 2346 μέρη
946 2271 999 2347 τῖγς
1023 2260 1213 2343 οἰκουμένης,
1231 2259 1264 2322 δν
1282 2261 1343 2341 μέν

126 2375 240 2441 αότῦθι
261 2382 337 2460 πρός
359 2381 412 2463 τήν
435 2378 509 2442 καθ’
532 2377 611 2464 ὑμᾶς
635 2384 773 2464 μεγάλην
796 2384 899 2465 χώραν
919 2385 973 2442 καί
995 2382 1028 2442 τό
1045 2381 1248 2462 μυριάριθμον
1263 2377 1344 2460 πλῆ-

126 2501 198 2568 θος,
221 2497 254 2558 όν
277 2499 310 2559 δέ
334 2497 365 2560 έν
389 2495 472 2580 ἄλλην
496 2503 579 2580 μέρει
602 2509 655 2584 τῆς
678 2505 819 2583 γης,καί
842 2499 935 2562 ἄλλον
959 2497 1109 2581 ἀλλαχοῦ,
1131 2497 1264 2567 ἕκαστος
1292 2491 1344 2556 οὑν

127 2614 172 2688 είς
193 2615 230 2700 ἣν
253 2613 290 2678 ἀν
313 2614 483 2700 έκληριόθη
506 2620 609 2700 χώραν
631 2621 685 2678 καί
706 2621 808 2692 τόπον,
831 2623 884 2679 καί
904 2620 997 2679 ’τόπον
1021 2617 1164 2700 ἔχεικαὶ
1187 2617 1241 2698 τήν
1256 2617 1342 2676 καθ-

127 2736 219 2818 έδραν
252 2740 306 2798 καί
339 2739 377 2798 τά
398 2737 505 2798 δίκαια
526 2739 624 2798 πάντα
646 2746 700 2819 της
722 2733 806 2820 ἡμῶν
833 2742 1036 2819 μετριότητος.
1071 2733 1137 2798 ἀντεῖ
1170 2731 1222 2796 οὑν
1258 2733 1345 2816 ἔχετε

127 2857 184 2917 καί
205 2850 290 2937 ὑμεῖς
313 2851 424 2918 αὐτόθι
448 2853 512 2916 ἀντὶ
535 2853 609 2938 ἐμοῦ
632 2857 683 2916 τόν
706 2853 868 2936 ἱερώτατον
902 2855 1125 2938 μητροπολίτην
1147 2852 1268 2938 Κυέβυο
1290 2855 1366 2921 καίΙ

126 2977 230 3056 πάσης
253 2971 389 3046 Ῥωσίοις,
413 2973 508 3053 ἄνδρα
532 2977 641 3054 σεμνόν
663 2978 717 3034 καί
740 2969 855 3057 εὑλοιβη
878 2973 932 3035 καὶ
956 2972 1095 3055 ἐνάρετον
1115 2977 1168 3034 καί
1188 2982 1263 3034 πᾶσι
1284 2991 1344 3032 κο-

128 3093 300 3172 σμούμενον
323 3089 466 3167 ἀγαθοῖς,
489 3092 665 3172 δυνάμενον,
688 3103 724 3173 τη
741 3099 793 3152 τοῦ
815 3091 948 3170 Χριστοῦ
971 3095 1082 3175 χάριτι,
1098 3093 1246 3172 ποιμάναι
1268 3090 1345 3151 λαόν

127 3213 182 3272 καί
204 3207 357 3292 όδηγησαι
379 3213 452 3292 πρός
475 3213 528 3279 τάς
551 3215 719 3292 σωτηρίους
741 3215 837 3291 νομὰς
864 3215 918 3271 καί
941 3215 1041 3292 ψυχὰς
1069 3207 1260 3290 δδυνιομὲνας
1281 3229 1343 3270 πα-

129 3328 303 3410 ρακαλέσαι
324 3333 377 3388 καί
401 3328 608 3410 σαλευομένας
631 3317 766 3412 στηρίξαι
789 3330 927 3409 καρδίας,
951 3330 1061 3397 καθάς
1083 3332 1137 3390 καί
1154 3324 1236 3411 ὑμεῖς
1253 3329 1343 3404 γινώ-

127 3466 229 3520 σκετε,
262 3449 460 3527 πειραθέντες
493 3459 550 3510 τῶν
584 3443 676 3509 αὑτοῦ
699 3448 971 3529 πλεονεκτημάτων
997 3451 1051 3508 καί
1084 3456 1137 3530 της
1172 3445 1344 3528 ἁγιότητος,

126 3564 265 3646 μεγάλην
287 3561 424 3648 ἀφείλετο
446 3569 520 3648 πρός
542 3562 633 3640 Ισιὺτὺν
653 3567 706 3648 τὴν
722 3569 809 3649 τιμὴν
824 3570 878 3628 καὶ
895 3564 1080 3640 εὐπείθειαν,
1105 3562 1180 3648 ὅσην
1196 3562 1233 3626 ἀν
1250 3564 1344 3645 έμίλ-

126 3683 195 3745 λετε
226 3656 301 3764 πρός
336 3681 391 3766 ἐμὲ
426 3680 516 3745 αὑτόν
549 3682 740 3761 ἀποδιδόναι,
775 3684 868 3764 εἴγε
891 3681 1179 3768 αὑτόθιπσιρημην·
1213 3686 1251 3744 τά
1285 3685 1343 3764 γὰρ

125 3798 260 3884 ἡμέτερα
282 3801 389 3862 δίκαια
413 3800 493 3882 ἔχων
516 3798 606 3872 αὑτός
630 3799 740 3866 αὑτόθι
767 3802 832 3866 ἀντί
855 3803 929 3886 ἐμοῦ
947 3800 1128 3885 εὑρίσκεται,
1151 3806 1205 3864 καί
1226 3799 1246 3886 ἡ
1268 3804 1343 3885 πρός

126 3916 218 3982 αὑτόν
241 3925 384 4002 γινομένη
406 3920 477 4001 τιμὴ
500 3923 554 3981 καί
575 3916 711 4004 ὑποταγη
733 3925 787 3984 καί
809 3915 969 3985 εὐπείθεια
1001 3926 1074 4005 πρός
1096 3923 1149 4004 την
1176 3917 1261 4005 ἡμῶν
1285 3943 1342 4002 με·

126 4041 268 4120 τριότητα
291 4037 473 4122 ἀναφέρεται
506 4037 560 4100 καὶ
582 4037 620 4100 δι’
648 4037 742 4123 αὐτῆς
775 4040 915 4122 ἄντικρυς
948 4045 1029 4122 πρός
1059 4037 1148 4102 αὑτόν
1182 4043 1232 4102 τόν
1266 4042 1342 4101 θεὸν

126 4157 286 4236 διαβαίνει.
322 4153 406 4238 ὑμεῖς
429 4155 593 4237 γοῦν,υἰοί
614 4165 668 4240 της
689 4155 860 4240 ἐκκλησίας
887 4169 940 4221 τοῦ
963 4160 1094 4240 Χριστοῦ
1117 4155 1201 4228 ὄντες
1224 4160 1343 4238 γνήσιοι

124 4279 179 4336 καί
201 4279 359 4360 τρέφοντες
380 4277 455 4358 πρός
478 4277 626 4339 τὸνθεόν
649 4273 708 4338 ἀπὸ
731 4281 831 4361 ψυχης
853 4281 951 4340 πίστιν
974 4275 1070 4360 ὀρθὴν
1095 4281 1151 4340 ,καὶ
1174 4273 1341 4358 εὐσέβειαν,

125 4391 263 4476 ἀρείλετε
297 4390 460 4458 ὑπακούειν
493 4395 535 4476 τῷ
570 4390 703 4478 ὑμετέριρ
735 4399 826 4477 πατρὶ
848 4399 901 4457 καί
922 4399 1042 4478 ποιμένι
1064 4400 1133 4470 καί,
1150 4395 1340 4476 διδασκάλῳ,

124 4511 158 4574 δν
181 4510 198 4576 ὁ
220 4515 295 4582 θεός
310 4509 377 4594 ὑμῖν
400 4513 571 4596 έχάρίσατο
593 4511 631 4578 δι’
653 4510 814 4598 ἡμῶν,καί
838 4517 972 4598 στέργειν
996 4511 1087 4577 αὑτόν
1109 4511 1150 4585 ὡς
1173 4511 1288 4595 ἐμέ,τά
1303 4513 1364 4586 δέ.Ἰ
