<?xml version="1.0" encoding="UTF-8"?>
<!DOCTYPE html PUBLIC "-//W3C//DTD XHTML 1.0 Transitional//EN"
    "http://www.w3.org/TR/xhtml1/DTD/xhtml1-transitional.dtd">
<html xmlns="http://www.w3.org/1999/xhtml" xml:lang="en" lang="en">
 <head>
  <title>
</title>
<meta http-equiv="Content-Type" content="text/html;charset=utf-8" />
  <meta name='ocr-system' content='tesseract 3.04.00' />
  <meta name='ocr-capabilities' content='ocr_page ocr_carea ocr_par ocr_line ocrx_word'/>
</head>
<body>
  <div class='ocr_page' id='page_1' title='image "./actaetdiplomata01miklgoog_0462.png"; bbox 0 0 3258 5282; ppageno 0'>
   <div class='ocr_carea' id='block_1_1' title="bbox 1267 307 1329 366">
    <p class='ocr_par' dir='ltr' id='par_1_1' title="bbox 1267 307 1329 366">
     <span class='ocr_line' id='line_1_1' title="bbox 1267 307 1329 366; baseline 0 0"><span class='ocrx_word' id='word_1_1' title='bbox 1267 307 1329 366; x_wconf 76' lang='lat'><strong>413</strong></span> 
     </span>
    </p>
   </div>
   <div class='ocr_carea' id='block_1_2' title="bbox 100 483 1330 1992">
    <p class='ocr_par' dir='ltr' id='par_1_2' title="bbox 100 483 1330 1519">
     <span class='ocr_line' id='line_1_2' title="bbox 106 483 1327 573; baseline 0.003 -25"><span class='ocrx_word' id='word_1_2' title='bbox 106 490 241 548; x_wconf 76' lang='grc' dir='ltr'><strong>νωνικοί.</strong></span> <span class='ocrx_word' id='word_1_3' title='bbox 264 488 292 546; x_wconf 86' lang='grc' dir='ltr'><strong>τί</strong></span> <span class='ocrx_word' id='word_1_4' title='bbox 307 485 341 546; x_wconf 74' lang='grc' dir='ltr'><strong>δὲ</strong></span> <span class='ocrx_word' id='word_1_5' title='bbox 363 487 402 548; x_wconf 81' lang='grc' dir='ltr'><strong>τὰ</strong></span> <span class='ocrx_word' id='word_1_6' title='bbox 425 487 568 567; x_wconf 80' lang='grc' dir='ltr'><strong>γινόμενα</strong></span> <span class='ocrx_word' id='word_1_7' title='bbox 591 484 623 546; x_wconf 77' lang='grc' dir='ltr'><strong>ἐν</strong></span> <span class='ocrx_word' id='word_1_8' title='bbox 637 486 679 567; x_wconf 76' lang='grc' dir='ltr'><strong>ιη’)</strong></span> <span class='ocrx_word' id='word_1_9' title='bbox 694 489 887 569; x_wconf 82' lang='grc' dir='ltr'><strong>μοναστηρίιρ</strong></span> <span class='ocrx_word' id='word_1_10' title='bbox 902 495 956 568; x_wconf 75' lang='grc' dir='ltr'><strong>τῆς</strong></span> <span class='ocrx_word' id='word_1_11' title='bbox 971 483 1187 572; x_wconf 75' lang='grc' dir='ltr'><strong>Ὁδηγητρίαςς</strong></span> <span class='ocrx_word' id='word_1_12' title='bbox 1210 490 1327 573; x_wconf 82' lang='grc' dir='ltr'><strong>έριίτη-</strong></span> 
     </span>
     <span class='ocr_line' id='line_1_3' title="bbox 105 602 1327 688; baseline 0.004 -24"><span class='ocrx_word' id='word_1_13' title='bbox 105 620 163 666; x_wconf 91' lang='grc' dir='ltr'><strong>σον</strong></span> <span class='ocrx_word' id='word_1_14' title='bbox 181 606 234 666; x_wconf 83' lang='grc' dir='ltr'><strong>τόν</strong></span> <span class='ocrx_word' id='word_1_15' title='bbox 248 603 449 678; x_wconf 88' lang='grc' dir='ltr'><strong>Λαοδικείας,</strong></span> <span class='ocrx_word' id='word_1_16' title='bbox 463 602 514 664; x_wconf 81' lang='grc' dir='ltr'><strong>ἵνα</strong></span> <span class='ocrx_word' id='word_1_17' title='bbox 529 602 609 684; x_wconf 83' lang='grc' dir='ltr'><strong>εἴπη,</strong></span> <span class='ocrx_word' id='word_1_18' title='bbox 623 614 686 674; x_wconf 88' lang='grc' dir='ltr'><strong>πῶς</strong></span> <span class='ocrx_word' id='word_1_19' title='bbox 703 604 827 688; x_wconf 77' lang='grc' dir='ltr'><strong>ἐφθάρη</strong></span> <span class='ocrx_word' id='word_1_20' title='bbox 843 609 897 665; x_wconf 88' lang='grc' dir='ltr'><strong>καί</strong></span> <span class='ocrx_word' id='word_1_21' title='bbox 912 609 1050 688; x_wconf 82' lang='grc' dir='ltr'><strong>ψυχικῶς</strong></span> <span class='ocrx_word' id='word_1_22' title='bbox 1065 611 1119 668; x_wconf 87' lang='grc' dir='ltr'><strong>καί</strong></span> <span class='ocrx_word' id='word_1_23' title='bbox 1135 618 1327 688; x_wconf 79' lang='grc' dir='ltr'><strong>σωματικῶς,</strong></span> 
     </span>
     <span class='ocr_line' id='line_1_4' title="bbox 101 719 1327 808; baseline 0.002 -22"><span class='ocrx_word' id='word_1_24' title='bbox 101 719 222 786; x_wconf 86' lang='grc' dir='ltr'><strong>,αότόθι</strong></span> <span class='ocrx_word' id='word_1_25' title='bbox 253 727 313 804; x_wconf 81' lang='grc' dir='ltr'><strong>γὰρ</strong></span> <span class='ocrx_word' id='word_1_26' title='bbox 340 723 500 804; x_wconf 77' lang='grc' dir='ltr'><strong>ἐπιμέλεια</strong></span> <span class='ocrx_word' id='word_1_27' title='bbox 526 719 614 784; x_wconf 80' lang='grc' dir='ltr'><strong>οόδίν</strong></span> <span class='ocrx_word' id='word_1_28' title='bbox 642 727 771 799; x_wconf 85' lang='grc' dir='ltr'><strong>γίνεται,</strong></span> <span class='ocrx_word' id='word_1_29' title='bbox 798 720 886 805; x_wconf 82' lang='grc' dir='ltr'><strong>ἡμεῖς</strong></span> <span class='ocrx_word' id='word_1_30' title='bbox 913 729 967 786; x_wconf 83' lang='grc' dir='ltr'><strong>καί</strong></span> <span class='ocrx_word' id='word_1_31' title='bbox 994 720 1083 788; x_wconf 78' lang='grc' dir='ltr'><strong>οὐδὲν</strong></span> <span class='ocrx_word' id='word_1_32' title='bbox 1112 731 1256 808; x_wconf 86' lang='grc' dir='ltr'><strong>ποιοῶμίν</strong></span> <span class='ocrx_word' id='word_1_33' title='bbox 1289 749 1327 800; x_wconf 89' lang='grc' dir='ltr'><strong>τι,</strong></span> 
     </span>
     <span class='ocr_line' id='line_1_5' title="bbox 102 837 1327 927; baseline 0.005 -25"><span class='ocrx_word' id='word_1_34' title='bbox 102 847 162 904; x_wconf 84' lang='grc' dir='ltr'><strong>καί</strong></span> <span class='ocrx_word' id='word_1_35' title='bbox 184 837 400 924; x_wconf 76' lang='grc' dir='ltr'><strong>γινωσκέιωὴ</strong></span> <span class='ocrx_word' id='word_1_36' title='bbox 428 837 583 924; x_wconf 78' lang='grc' dir='ltr'><strong>αἱγιωσύνη</strong></span> <span class='ocrx_word' id='word_1_37' title='bbox 610 863 679 916; x_wconf 92' lang='grc' dir='ltr'><strong>σου,</strong></span> <span class='ocrx_word' id='word_1_38' title='bbox 708 839 754 904; x_wconf 79' lang='grc' dir='ltr'><strong>ὅτι</strong></span> <span class='ocrx_word' id='word_1_39' title='bbox 780 843 884 904; x_wconf 88' lang='grc' dir='ltr'><strong>τέλεον</strong></span> <span class='ocrx_word' id='word_1_40' title='bbox 911 841 1048 927; x_wconf 84' lang='grc' dir='ltr'><strong>ἐφθάρη,</strong></span> <span class='ocrx_word' id='word_1_41' title='bbox 1075 848 1130 906; x_wconf 86' lang='grc' dir='ltr'><strong>καί</strong></span> <span class='ocrx_word' id='word_1_42' title='bbox 1157 845 1201 907; x_wconf 85' lang='grc' dir='ltr'><strong>ἔνι</strong></span> <span class='ocrx_word' id='word_1_43' title='bbox 1230 843 1327 921; x_wconf 81' lang='grc' dir='ltr'><strong>ἐναγ-</strong></span> 
     </span>
     <span class='ocr_line' id='line_1_6' title="bbox 102 958 1328 1047; baseline 0.003 -25"><span class='ocrx_word' id='word_1_44' title='bbox 102 971 205 1034; x_wconf 86' lang='grc' dir='ltr'><strong>καῖυν,</strong></span> <span class='ocrx_word' id='word_1_45' title='bbox 228 958 279 1022; x_wconf 80' lang='grc' dir='ltr'><strong>ἰ’να</strong></span> <span class='ocrx_word' id='word_1_46' title='bbox 300 965 426 1043; x_wconf 86' lang='grc' dir='ltr'><strong>γένηται</strong></span> <span class='ocrx_word' id='word_1_47' title='bbox 451 965 506 1024; x_wconf 90' lang='grc' dir='ltr'><strong>καί</strong></span> <span class='ocrx_word' id='word_1_48' title='bbox 533 959 685 1032; x_wconf 83' lang='grc' dir='ltr'><strong>είςτοῶτο</strong></span> <span class='ocrx_word' id='word_1_49' title='bbox 708 963 883 1044; x_wconf 87' lang='grc' dir='ltr'><strong>διόρθωσις.</strong></span> <span class='ocrx_word' id='word_1_50' title='bbox 915 965 948 1024; x_wconf 80' lang='grc' dir='ltr'><strong>τό</strong></span> <span class='ocrx_word' id='word_1_51' title='bbox 975 966 1070 1044; x_wconf 79' lang='grc' dir='ltr'><strong>παρόν</strong></span> <span class='ocrx_word' id='word_1_52' title='bbox 1097 968 1224 1047; x_wconf 87' lang='grc' dir='ltr'><strong>γράμμα</strong></span> <span class='ocrx_word' id='word_1_53' title='bbox 1250 963 1328 1028; x_wconf 88' lang='grc' dir='ltr'><strong>ἀνα-</strong></span> 
     </span>
     <span class='ocr_line' id='line_1_7' title="bbox 103 1075 1328 1167; baseline 0.003 -27"><span class='ocrx_word' id='word_1_54' title='bbox 103 1081 278 1162; x_wconf 78' lang='grc' dir='ltr'><strong>γνωσθήτω</strong></span> <span class='ocrx_word' id='word_1_55' title='bbox 301 1077 333 1141; x_wconf 81' lang='grc' dir='ltr'><strong>ἐν</strong></span> <span class='ocrx_word' id='word_1_56' title='bbox 354 1083 439 1160; x_wconf 79' lang='grc' dir='ltr'><strong>πόση</strong></span> <span class='ocrx_word' id='word_1_57' title='bbox 462 1091 500 1162; x_wconf 75' lang='grc' dir='ltr'><strong>τῇ</strong></span> <span class='ocrx_word' id='word_1_58' title='bbox 523 1075 588 1144; x_wconf 77' lang='grc' dir='ltr'><strong>ὑπὸ.</strong></span> <span class='ocrx_word' id='word_1_59' title='bbox 607 1084 642 1142; x_wconf 84' lang='grc' dir='ltr'><strong>σὲ</strong></span> <span class='ocrx_word' id='word_1_60' title='bbox 670 1081 787 1160; x_wconf 84' lang='grc' dir='ltr'><strong>συνόδῳ</strong></span> <span class='ocrx_word' id='word_1_61' title='bbox 813 1085 867 1142; x_wconf 86' lang='grc' dir='ltr'><strong>καί</strong></span> <span class='ocrx_word' id='word_1_62' title='bbox 892 1080 935 1164; x_wconf 70' lang='grc' dir='ltr'><strong>τῷ</strong></span> <span class='ocrx_word' id='word_1_63' title='bbox 961 1082 1065 1165; x_wconf 78' lang='grc' dir='ltr'><strong>κλήρῳ</strong></span> <span class='ocrx_word' id='word_1_64' title='bbox 1092 1087 1146 1144; x_wconf 86' lang='grc' dir='ltr'><strong>καί</strong></span> <span class='ocrx_word' id='word_1_65' title='bbox 1172 1094 1210 1167; x_wconf 77' lang='grc' dir='ltr'><strong>τῇ</strong></span> <span class='ocrx_word' id='word_1_66' title='bbox 1236 1084 1328 1166; x_wconf 76' lang='grc' dir='ltr'><strong>λοιπη</strong></span> 
     </span>
     <span class='ocr_line' id='line_1_8' title="bbox 101 1194 1330 1285; baseline 0.003 -27"><span class='ocrx_word' id='word_1_67' title='bbox 101 1194 219 1280; x_wconf 74' lang='grc' dir='ltr'><strong>ένοφίφ,</strong></span> <span class='ocrx_word' id='word_1_68' title='bbox 242 1196 293 1260; x_wconf 87' lang='grc' dir='ltr'><strong>ἵνα</strong></span> <span class='ocrx_word' id='word_1_69' title='bbox 316 1201 486 1280; x_wconf 87' lang='grc' dir='ltr'><strong>γνῶρίσωσι</strong></span> <span class='ocrx_word' id='word_1_70' title='bbox 510 1201 620 1266; x_wconf 79' lang='grc' dir='ltr'><strong>πάντες</strong></span> <span class='ocrx_word' id='word_1_71' title='bbox 646 1198 700 1280; x_wconf 80' lang='grc' dir='ltr'><strong>την</strong></span> <span class='ocrx_word' id='word_1_72' title='bbox 724 1203 792 1280; x_wconf 81' lang='grc' dir='ltr'><strong>περὶ</strong></span> <span class='ocrx_word' id='word_1_73' title='bbox 818 1208 871 1283; x_wconf 81' lang='grc' dir='ltr'><strong>τῆς</strong></span> <span class='ocrx_word' id='word_1_74' title='bbox 899 1197 1070 1282; x_wconf 79' lang='grc' dir='ltr'><strong>ἁγιωσύνης</strong></span> <span class='ocrx_word' id='word_1_75' title='bbox 1097 1223 1153 1263; x_wconf 91' lang='grc' dir='ltr'><strong>σου</strong></span> <span class='ocrx_word' id='word_1_76' title='bbox 1179 1198 1330 1285; x_wconf 79' lang='grc' dir='ltr'><strong>ἡμετέραν</strong></span> 
     </span>
     <span class='ocr_line' id='line_1_9' title="bbox 102 1315 1329 1402; baseline 0.002 -23"><span class='ocrx_word' id='word_1_77' title='bbox 102 1319 240 1400; x_wconf 80' lang='grc' dir='ltr'><strong>γνώμην,</strong></span> <span class='ocrx_word' id='word_1_78' title='bbox 264 1321 356 1400; x_wconf 86' lang='grc' dir='ltr'><strong>μόνον</strong></span> <span class='ocrx_word' id='word_1_79' title='bbox 379 1315 438 1379; x_wconf 78' lang='grc' dir='ltr'><strong>ἀπὸ</strong></span> <span class='ocrx_word' id='word_1_80' title='bbox 461 1327 519 1380; x_wconf 91' lang='grc' dir='ltr'><strong>τῶν</strong></span> <span class='ocrx_word' id='word_1_81' title='bbox 542 1315 665 1400; x_wconf 83' lang='grc' dir='ltr'><strong>ἐχθρῶν</strong></span> <span class='ocrx_word' id='word_1_82' title='bbox 689 1338 744 1380; x_wconf 89' lang='grc' dir='ltr'><strong>σου</strong></span> <span class='ocrx_word' id='word_1_83' title='bbox 767 1319 897 1402; x_wconf 80' lang='grc' dir='ltr'><strong>φύλαττε</strong></span> <span class='ocrx_word' id='word_1_84' title='bbox 923 1327 1026 1393; x_wconf 82' lang='grc' dir='ltr'><strong>τοῦτο,</strong></span> <span class='ocrx_word' id='word_1_85' title='bbox 1054 1323 1170 1402; x_wconf 82' lang='grc' dir='ltr'><strong>μήποτε</strong></span> <span class='ocrx_word' id='word_1_86' title='bbox 1193 1323 1227 1382; x_wconf 80' lang='grc' dir='ltr'><strong>τέ</strong></span> <span class='ocrx_word' id='word_1_87' title='bbox 1250 1319 1329 1390; x_wconf 78' lang='grc' dir='ltr'><strong>ἐπο-</strong></span> 
     </span>
     <span class='ocr_line' id='line_1_10' title="bbox 100 1433 1104 1519; baseline 0.004 -25"><span class='ocrx_word' id='word_1_88' title='bbox 100 1433 211 1516; x_wconf 82' lang='grc' dir='ltr'><strong>λίσης.</strong></span> <span class='ocrx_word' id='word_1_89' title='bbox 235 1433 352 1517; x_wconf 77' lang='grc' dir='ltr'><strong>ἔρρωσο</strong></span> <span class='ocrx_word' id='word_1_90' title='bbox 375 1433 406 1496; x_wconf 87' lang='grc' dir='ltr'><strong>ἐν</strong></span> <span class='ocrx_word' id='word_1_91' title='bbox 429 1439 535 1518; x_wconf 80' lang='grc' dir='ltr'><strong>κυρίῳ,</strong></span> <span class='ocrx_word' id='word_1_92' title='bbox 560 1434 710 1512; x_wconf 76' lang='grc' dir='ltr'><strong>ἁγιώτατα</strong></span> <span class='ocrx_word' id='word_1_93' title='bbox 737 1435 871 1498; x_wconf 87' lang='grc' dir='ltr'><strong>δέσποτα</strong></span> <span class='ocrx_word' id='word_1_94' title='bbox 897 1441 952 1498; x_wconf 86' lang='grc' dir='ltr'><strong>καί</strong></span> <span class='ocrx_word' id='word_1_95' title='bbox 980 1435 1104 1519; x_wconf 82' lang='grc' dir='ltr'><strong>ἀδελφέ.</strong></span> 
     </span>
    </p>

    <p class='ocr_par' dir='ltr' id='par_1_3' title="bbox 100 1553 1330 1992">
     <span class='ocr_line' id='line_1_11' title="bbox 196 1553 1327 1638; baseline -0.001 -20"><span class='ocrx_word' id='word_1_96' title='bbox 196 1553 358 1638; x_wconf 67' lang='grc' dir='ltr'><strong>’[Είχε</strong></span> <span class='ocrx_word' id='word_1_97' title='bbox 395 1560 470 1618; x_wconf 87' lang='grc' dir='ltr'><strong>καί</strong></span> <span class='ocrx_word' id='word_1_98' title='bbox 503 1557 563 1618; x_wconf 83' lang='grc' dir='ltr'><strong>τὸ·</strong></span> <span class='ocrx_word' id='word_1_99' title='bbox 598 1553 845 1628; x_wconf 85' lang='grc' dir='ltr'><strong>Φιλόθεος,</strong></span> <span class='ocrx_word' id='word_1_100' title='bbox 886 1554 994 1636; x_wconf 83' lang='grc' dir='ltr'><strong>ἐλίιρ</strong></span> <span class='ocrx_word' id='word_1_101' title='bbox 1028 1559 1139 1617; x_wconf 86' lang='grc' dir='ltr'><strong>θεοῦ</strong></span> <span class='ocrx_word' id='word_1_102' title='bbox 1172 1554 1327 1638; x_wconf 84' lang='grc' dir='ltr'><strong>ἀρχιε-</strong></span> 
     </span>
     <span class='ocr_line' id='line_1_12' title="bbox 104 1672 1330 1758; baseline 0 -22"><span class='ocrx_word' id='word_1_103' title='bbox 104 1678 335 1743; x_wconf 83' lang='grc' dir='ltr'><strong>πίσκοπος</strong></span> <span class='ocrx_word' id='word_1_104' title='bbox 389 1673 942 1748; x_wconf 83' lang='grc' dir='ltr'><strong>Κωνσταντινουπόλεως,</strong></span> <span class='ocrx_word' id='word_1_105' title='bbox 991 1673 1106 1744; x_wconf 88' lang='grc' dir='ltr'><strong>Νέας</strong></span> <span class='ocrx_word' id='word_1_106' title='bbox 1148 1672 1330 1758; x_wconf 83' lang='grc' dir='ltr'><strong>Ῥώμης,</strong></span> 
     </span>
     <span class='ocr_line' id='line_1_13' title="bbox 101 1791 1327 1874; baseline 0.002 -22"><span class='ocrx_word' id='word_1_107' title='bbox 101 1796 183 1854; x_wconf 80' lang='grc' dir='ltr'><strong>καί</strong></span> <span class='ocrx_word' id='word_1_108' title='bbox 231 1791 562 1874; x_wconf 80' lang='grc' dir='ltr'><strong>οὶκουμενικός</strong></span> <span class='ocrx_word' id='word_1_109' title='bbox 608 1794 910 1874; x_wconf 83' lang='grc' dir='ltr'><strong>πατριάρχης,</strong></span> <span class='ocrx_word' id='word_1_110' title='bbox 958 1793 1031 1853; x_wconf 74' lang='grc' dir='ltr'><strong>διὰ</strong></span> <span class='ocrx_word' id='word_1_111' title='bbox 1075 1801 1150 1873; x_wconf 84' lang='grc' dir='ltr'><strong>της</strong></span> <span class='ocrx_word' id='word_1_112' title='bbox 1193 1794 1327 1862; x_wconf 87' lang='grc' dir='ltr'><strong>θείας</strong></span> 
     </span>
     <span class='ocr_line' id='line_1_14' title="bbox 100 1913 698 1992; baseline 0 -20"><span class='ocrx_word' id='word_1_113' title='bbox 100 1918 447 1992; x_wconf 77' lang='grc' dir='ltr'><strong>πατριαρχικῆς</strong></span> <span class='ocrx_word' id='word_1_114' title='bbox 479 1913 637 1992; x_wconf 81' lang='grc' dir='ltr'><strong>χειρός</strong></span> <span class='ocrx_word' id='word_1_115' title='bbox 669 1914 698 1986; x_wconf 90' lang='lat'><strong>†.</strong></span> 
     </span>
    </p>
   </div>
   <div class='ocr_carea' id='block_1_3' title="bbox 243 2145 1073 2230">
    <p class='ocr_par' dir='ltr' id='par_1_4' title="bbox 243 2145 1073 2230">
     <span class='ocr_line' id='line_1_15' title="bbox 243 2145 1073 2230; baseline -0.01 -18"><span class='ocrx_word' id='word_1_116' title='bbox 243 2171 245 2176; x_wconf 92' lang='lat'>·</span> <span class='ocrx_word' id='word_1_117' title='bbox 352 2146 530 2212; x_wconf 77' lang='lat' dir='ltr'>CLXXIX.</span> <span class='ocrx_word' id='word_1_118' title='bbox 552 2147 633 2210; x_wconf 81' lang='lat'>6871</span> <span class='ocrx_word' id='word_1_119' title='bbox 660 2149 772 2222; x_wconf 82' lang='lat'>(1362)</span> <span class='ocrx_word' id='word_1_120' title='bbox 787 2145 955 2230; x_wconf 76' lang='lat' dir='ltr'>septembri</span> <span class='ocrx_word' id='word_1_121' title='bbox 971 2145 1034 2208; x_wconf 86' lang='lat' dir='ltr'>ind.</span> <span class='ocrx_word' id='word_1_122' title='bbox 1051 2146 1073 2208; x_wconf 87' lang='grc' dir='ltr'><strong>ί.</strong></span> 
     </span>
    </p>
   </div>
   <div class='ocr_carea' id='block_1_4' title="bbox 168 2299 1261 2390">
    <p class='ocr_par' dir='ltr' id='par_1_5' title="bbox 168 2299 1261 2390">
     <span class='ocr_line' id='line_1_16' title="bbox 168 2299 1261 2390; baseline 0.002 -18"><span class='ocrx_word' id='word_1_123' title='bbox 168 2299 296 2388; x_wconf 46' lang='lat' dir='ltr'><strong>§.modus</strong></span> <span class='ocrx_word' id='word_1_124' title='bbox 318 2323 474 2390; x_wconf 70' lang='lat' dir='ltr'><strong><em>episcopum</em></strong></span> <span class='ocrx_word' id='word_1_125' title='bbox 496 2319 687 2390; x_wconf 73' lang='grc' dir='ltr'><strong>Οερόαίίικίαο</strong></span> <span class='ocrx_word' id='word_1_126' title='bbox 710 2323 845 2390; x_wconf 65' lang='lat' dir='ltr'><strong>tramfert</strong></span> <span class='ocrx_word' id='word_1_127' title='bbox 866 2323 897 2372; x_wconf 80' lang='lat' dir='ltr'><strong>in</strong></span> <span class='ocrx_word' id='word_1_128' title='bbox 918 2321 1085 2388; x_wconf 77' lang='lat' dir='ltr'><em>metropolim</em></span> <span class='ocrx_word' id='word_1_129' title='bbox 1107 2319 1261 2388; x_wconf 73' lang='lat' dir='ltr'><strong><em>Naupacti.</em></strong></span> 
     </span>
    </p>
   </div>
   <div class='ocr_carea' id='block_1_5' title="bbox 102 2499 1339 4246">
    <p class='ocr_par' dir='ltr' id='par_1_6' title="bbox 102 2499 1339 4246">
     <span class='ocr_line' id='line_1_17' title="bbox 189 2499 1332 2584; baseline -0.002 -21"><span class='ocrx_word' id='word_1_130' title='bbox 189 2504 210 2577; x_wconf 92' lang='lat'><strong>†</strong></span> <span class='ocrx_word' id='word_1_131' title='bbox 236 2499 327 2575; x_wconf 79' lang='grc' dir='ltr'><strong>Μέγα</strong></span> <span class='ocrx_word' id='word_1_132' title='bbox 348 2521 378 2562; x_wconf 90' lang='grc' dir='ltr'><strong>τι</strong></span> <span class='ocrx_word' id='word_1_133' title='bbox 403 2508 510 2584; x_wconf 82' lang='grc' dir='ltr'><strong>χρῆμα</strong></span> <span class='ocrx_word' id='word_1_134' title='bbox 535 2503 610 2584; x_wconf 87' lang='grc' dir='ltr'><strong>πρός</strong></span> <span class='ocrx_word' id='word_1_135' title='bbox 636 2502 690 2584; x_wconf 74' lang='grc' dir='ltr'><strong>τὴν</strong></span> <span class='ocrx_word' id='word_1_136' title='bbox 718 2510 773 2584; x_wconf 80' lang='grc' dir='ltr'><strong>τῆς</strong></span> <span class='ocrx_word' id='word_1_137' title='bbox 802 2501 974 2583; x_wconf 74' lang='grc' dir='ltr'><strong>ἐκκλησίας</strong></span> <span class='ocrx_word' id='word_1_138' title='bbox 1000 2503 1078 2564; x_wconf 83' lang='grc' dir='ltr'><strong>θεοῦ</strong></span> <span class='ocrx_word' id='word_1_139' title='bbox 1107 2502 1251 2564; x_wconf 82' lang='grc' dir='ltr'><strong>σύστασιν</strong></span> <span class='ocrx_word' id='word_1_140' title='bbox 1276 2505 1332 2562; x_wconf 88' lang='grc' dir='ltr'><strong>καῖ</strong></span> 
     </span>
     <span class='ocr_line' id='line_1_18' title="bbox 102 2617 1332 2704; baseline -0.002 -21"><span class='ocrx_word' id='word_1_141' title='bbox 102 2619 232 2704; x_wconf 74' lang='grc' dir='ltr'><strong>ἀσφαλῆ</strong></span> <span class='ocrx_word' id='word_1_142' title='bbox 256 2623 445 2704; x_wconf 88' lang='grc' dir='ltr'><strong>μονιμότητα</strong></span> <span class='ocrx_word' id='word_1_143' title='bbox 466 2622 501 2682; x_wconf 83' lang='grc' dir='ltr'><strong>τὸ</strong></span> <span class='ocrx_word' id='word_1_144' title='bbox 524 2619 594 2690; x_wconf 83' lang='grc' dir='ltr'><strong>τούς</strong></span> <span class='ocrx_word' id='word_1_145' title='bbox 618 2633 796 2702; x_wconf 75' lang='grc' dir='ltr'><strong>προστατεῖν</strong></span> <span class='ocrx_word' id='word_1_146' title='bbox 822 2623 952 2703; x_wconf 87' lang='grc' dir='ltr'><strong>χάριτας</strong></span> <span class='ocrx_word' id='word_1_147' title='bbox 978 2621 1132 2702; x_wconf 77' lang='grc' dir='ltr'><strong>λαχόντας</strong></span> <span class='ocrx_word' id='word_1_148' title='bbox 1159 2617 1253 2704; x_wconf 74' lang='grc' dir='ltr'><strong>αὐτῆς</strong></span> <span class='ocrx_word' id='word_1_149' title='bbox 1277 2624 1332 2682; x_wconf 84' lang='grc' dir='ltr'><strong>καί</strong></span> 
     </span>
     <span class='ocr_line' id='line_1_19' title="bbox 103 2736 1332 2822; baseline 0 -24"><span class='ocrx_word' id='word_1_150' title='bbox 103 2737 179 2807; x_wconf 84' lang='grc' dir='ltr'><strong>τοός</strong></span> <span class='ocrx_word' id='word_1_151' title='bbox 211 2737 443 2820; x_wconf 80' lang='grc' dir='ltr'><strong>οἰκουμκνικοέις</strong></span> <span class='ocrx_word' id='word_1_152' title='bbox 474 2746 529 2822; x_wconf 85' lang='grc' dir='ltr'><strong>της</strong></span> <span class='ocrx_word' id='word_1_153' title='bbox 559 2741 744 2821; x_wconf 88' lang='grc' dir='ltr'><strong>ποιμανσίας</strong></span> <span class='ocrx_word' id='word_1_154' title='bbox 772 2736 883 2808; x_wconf 77' lang='grc' dir='ltr'><strong>οἴακας</strong></span> <span class='ocrx_word' id='word_1_155' title='bbox 908 2742 1037 2820; x_wconf 89' lang='grc' dir='ltr'><strong>κρίμασι</strong></span> <span class='ocrx_word' id='word_1_156' title='bbox 1062 2739 1234 2819; x_wconf 73' lang='grc' dir='ltr'><strong>θειοτέροις</strong></span> <span class='ocrx_word' id='word_1_157' title='bbox 1258 2736 1332 2799; x_wconf 86' lang='grc' dir='ltr'><strong>ὶθό-</strong></span> 
     </span>
     <span class='ocr_line' id='line_1_20' title="bbox 104 2854 1332 2941; baseline -0.002 -21"><span class='ocrx_word' id='word_1_158' title='bbox 104 2875 214 2927; x_wconf 87' lang='grc' dir='ltr'><strong>νοντας</strong></span> <span class='ocrx_word' id='word_1_159' title='bbox 237 2859 421 2941; x_wconf 68' lang='grc' dir='ltr'><strong>ἐμμίριμνον</strong></span> <span class='ocrx_word' id='word_1_160' title='bbox 445 2858 535 2940; x_wconf 77' lang='grc' dir='ltr'><strong>ἔργον</strong></span> <span class='ocrx_word' id='word_1_161' title='bbox 559 2857 644 2940; x_wconf 77' lang='grc' dir='ltr'><strong>ἔχειν</strong></span> <span class='ocrx_word' id='word_1_162' title='bbox 667 2855 826 2930; x_wconf 77' lang='grc' dir='ltr'><strong>ἑκάστοτε,</strong></span> <span class='ocrx_word' id='word_1_163' title='bbox 839 2854 916 2918; x_wconf 81' lang='grc' dir='ltr'><strong>ὣστε</strong></span> <span class='ocrx_word' id='word_1_164' title='bbox 940 2859 1106 2940; x_wconf 72' lang='grc' dir='ltr'><strong>φροντίζειν</strong></span> <span class='ocrx_word' id='word_1_165' title='bbox 1123 2867 1180 2920; x_wconf 90' lang='grc' dir='ltr'><strong>τῶν</strong></span> <span class='ocrx_word' id='word_1_166' title='bbox 1196 2854 1332 2918; x_wconf 75' lang='grc' dir='ltr'><strong>ἑκαστα-</strong></span> 
     </span>
     <span class='ocr_line' id='line_1_21' title="bbox 106 2973 1335 3060; baseline -0.002 -23"><span class='ocrx_word' id='word_1_167' title='bbox 106 2983 168 3058; x_wconf 80' lang='grc' dir='ltr'><strong>χοῦ</strong></span> <span class='ocrx_word' id='word_1_168' title='bbox 190 2985 245 3059; x_wconf 78' lang='grc' dir='ltr'><strong>τῆς</strong></span> <span class='ocrx_word' id='word_1_169' title='bbox 267 2975 449 3059; x_wconf 70' lang='grc' dir='ltr'><strong>οἰκουμένης</strong></span> <span class='ocrx_word' id='word_1_170' title='bbox 471 2976 644 3060; x_wconf 77' lang='grc' dir='ltr'><strong>ἐκκλησιῶν</strong></span> <span class='ocrx_word' id='word_1_171' title='bbox 666 2979 721 3037; x_wconf 86' lang='grc' dir='ltr'><strong>καί</strong></span> <span class='ocrx_word' id='word_1_172' title='bbox 742 2977 867 3044; x_wconf 77' lang='grc' dir='ltr'><strong>ταύταις</strong></span> <span class='ocrx_word' id='word_1_173' title='bbox 893 2973 1084 3052; x_wconf 81' lang='grc' dir='ltr'><strong>ἐγκαθιστᾰν</strong></span> <span class='ocrx_word' id='word_1_174' title='bbox 1110 2979 1258 3057; x_wconf 74' lang='grc' dir='ltr'><strong>ποιμένας</strong></span> <span class='ocrx_word' id='word_1_175' title='bbox 1281 2979 1335 3036; x_wconf 81' lang='grc' dir='ltr'><strong>καί</strong></span> 
     </span>
     <span class='ocr_line' id='line_1_22' title="bbox 106 3093 1336 3176; baseline -0.001 -22"><span class='ocrx_word' id='word_1_176' title='bbox 106 3093 318 3163; x_wconf 84' lang='grc' dir='ltr'><strong>διδασκάλους</strong></span> <span class='ocrx_word' id='word_1_177' title='bbox 341 3095 390 3156; x_wconf 79' lang='grc' dir='ltr'><strong>ἐπί</strong></span> <span class='ocrx_word' id='word_1_178' title='bbox 412 3096 454 3176; x_wconf 74' lang='grc' dir='ltr'><strong>τῷ</strong></span> <span class='ocrx_word' id='word_1_179' title='bbox 476 3099 647 3176; x_wconf 83' lang='grc' dir='ltr'><strong>ποιμαίνειν</strong></span> <span class='ocrx_word' id='word_1_180' title='bbox 670 3098 709 3155; x_wconf 83' lang='grc' dir='ltr'><strong>τὰ</strong></span> <span class='ocrx_word' id='word_1_181' title='bbox 737 3094 851 3169; x_wconf 84' lang='grc' dir='ltr'><strong>λογικά</strong></span> <span class='ocrx_word' id='word_1_182' title='bbox 878 3102 931 3156; x_wconf 81' lang='grc' dir='ltr'><strong>τοῦ</strong></span> <span class='ocrx_word' id='word_1_183' title='bbox 957 3094 1090 3176; x_wconf 82' lang='grc' dir='ltr'><strong>Χριστοῦ</strong></span> <span class='ocrx_word' id='word_1_184' title='bbox 1116 3096 1256 3176; x_wconf 88' lang='grc' dir='ltr'><strong>πρόβατα</strong></span> <span class='ocrx_word' id='word_1_185' title='bbox 1281 3098 1336 3155; x_wconf 80' lang='grc' dir='ltr'><strong>καί</strong></span> 
     </span>
     <span class='ocr_line' id='line_1_23' title="bbox 107 3209 1336 3296; baseline 0 -22"><span class='ocrx_word' id='word_1_186' title='bbox 107 3215 185 3295; x_wconf 84' lang='grc' dir='ltr'><strong>πρός</strong></span> <span class='ocrx_word' id='word_1_187' title='bbox 207 3216 304 3294; x_wconf 85' lang='grc' dir='ltr'><strong>νομάς</strong></span> <span class='ocrx_word' id='word_1_188' title='bbox 326 3209 447 3296; x_wconf 81' lang='grc' dir='ltr'><strong>ὁδηγεῖν</strong></span> <span class='ocrx_word' id='word_1_189' title='bbox 470 3217 647 3296; x_wconf 88' lang='grc' dir='ltr'><strong>σωτηρίους,</strong></span> <span class='ocrx_word' id='word_1_190' title='bbox 671 3209 742 3292; x_wconf 82' lang='grc' dir='ltr'><strong>μεθ’</strong></span> <span class='ocrx_word' id='word_1_191' title='bbox 755 3210 870 3274; x_wconf 78' lang='grc' dir='ltr'><strong>ἑαυτῶν</strong></span> <span class='ocrx_word' id='word_1_192' title='bbox 894 3212 1025 3295; x_wconf 73' lang='grc' dir='ltr'><strong>ἔχοντας</strong></span> <span class='ocrx_word' id='word_1_193' title='bbox 1047 3209 1138 3275; x_wconf 81' lang='grc' dir='ltr'><strong>αὐτόν</strong></span> <span class='ocrx_word' id='word_1_194' title='bbox 1161 3215 1212 3274; x_wconf 84' lang='grc' dir='ltr'><strong>τόν</strong></span> <span class='ocrx_word' id='word_1_195' title='bbox 1229 3210 1336 3295; x_wconf 78' lang='grc' dir='ltr'><strong>ἀληθῆ</strong></span> 
     </span>
     <span class='ocr_line' id='line_1_24' title="bbox 108 3329 1334 3414; baseline -0.002 -22"><span class='ocrx_word' id='word_1_196' title='bbox 108 3335 165 3392; x_wconf 85' lang='grc' dir='ltr'><strong>καί</strong></span> <span class='ocrx_word' id='word_1_197' title='bbox 187 3335 284 3413; x_wconf 79' lang='grc' dir='ltr'><strong>μέγαν</strong></span> <span class='ocrx_word' id='word_1_198' title='bbox 298 3335 430 3413; x_wconf 83' lang='grc' dir='ltr'><strong>ποιμένα</strong></span> <span class='ocrx_word' id='word_1_199' title='bbox 451 3353 484 3393; x_wconf 89' lang='grc' dir='ltr'><strong>τε</strong></span> <span class='ocrx_word' id='word_1_200' title='bbox 508 3335 563 3393; x_wconf 86' lang='grc' dir='ltr'><strong>καί</strong></span> <span class='ocrx_word' id='word_1_201' title='bbox 586 3340 708 3414; x_wconf 80' lang='grc' dir='ltr'><strong>σωτῆρσι</strong></span> <span class='ocrx_word' id='word_1_202' title='bbox 731 3335 823 3412; x_wconf 84' lang='grc' dir='ltr'><strong>μέχρι</strong></span> <span class='ocrx_word' id='word_1_203' title='bbox 844 3335 898 3392; x_wconf 91' lang='grc' dir='ltr'><strong>καί</strong></span> <span class='ocrx_word' id='word_1_204' title='bbox 920 3341 973 3412; x_wconf 78' lang='grc' dir='ltr'><strong>τῆς</strong></span> <span class='ocrx_word' id='word_1_205' title='bbox 996 3338 1049 3392; x_wconf 81' lang='grc' dir='ltr'><strong>τοῦ</strong></span> <span class='ocrx_word' id='word_1_206' title='bbox 1066 3329 1175 3400; x_wconf 81' lang='grc' dir='ltr'><strong>αίιῖινος</strong></span> <span class='ocrx_word' id='word_1_207' title='bbox 1192 3331 1334 3412; x_wconf 89' lang='grc' dir='ltr'><strong>συμπλη-</strong></span> 
     </span>
     <span class='ocr_line' id='line_1_25' title="bbox 111 3445 1337 3532; baseline -0.002 -20"><span class='ocrx_word' id='word_1_208' title='bbox 111 3453 234 3532; x_wconf 82' lang='grc' dir='ltr'><strong>ρῶστῶς</strong></span> <span class='ocrx_word' id='word_1_209' title='bbox 267 3471 299 3510; x_wconf 85' lang='grc' dir='ltr'><strong>τε</strong></span> <span class='ocrx_word' id='word_1_210' title='bbox 325 3454 380 3512; x_wconf 89' lang='grc' dir='ltr'><strong>καί</strong></span> <span class='ocrx_word' id='word_1_211' title='bbox 406 3451 607 3526; x_wconf 80' lang='grc' dir='ltr'><strong>τελειώσεως,</strong></span> <span class='ocrx_word' id='word_1_212' title='bbox 635 3446 670 3512; x_wconf 78' lang='grc' dir='ltr'><strong>οὐ</strong></span> <span class='ocrx_word' id='word_1_213' title='bbox 699 3449 756 3532; x_wconf 78' lang='grc' dir='ltr'><strong>μην</strong></span> <span class='ocrx_word' id='word_1_214' title='bbox 784 3447 865 3510; x_wconf 80' lang='grc' dir='ltr'><strong>ἀλλὰ</strong></span> <span class='ocrx_word' id='word_1_215' title='bbox 890 3453 944 3510; x_wconf 81' lang='grc' dir='ltr'><strong>καί</strong></span> <span class='ocrx_word' id='word_1_216' title='bbox 971 3446 1035 3531; x_wconf 85' lang='grc' dir='ltr'><strong>μετ’</strong></span> <span class='ocrx_word' id='word_1_217' title='bbox 1063 3445 1161 3510; x_wconf 81' lang='grc' dir='ltr'><strong>αὐτῶν</strong></span> <span class='ocrx_word' id='word_1_218' title='bbox 1191 3449 1234 3518; x_wconf 84' lang='grc' dir='ltr'><strong>τίς</strong></span> <span class='ocrx_word' id='word_1_219' title='bbox 1267 3449 1337 3516; x_wconf 78' lang='grc' dir='ltr'><strong>τοδς</strong></span> 
     </span>
     <span class='ocr_line' id='line_1_26' title="bbox 112 3565 1336 3650; baseline -0.005 -19"><span class='ocrx_word' id='word_1_220' title='bbox 112 3567 294 3650; x_wconf 79' lang='grc' dir='ltr'><strong>ἀπειρητους</strong></span> <span class='ocrx_word' id='word_1_221' title='bbox 316 3566 451 3638; x_wconf 88' lang='grc' dir='ltr'><strong>ἐκείνους</strong></span> <span class='ocrx_word' id='word_1_222' title='bbox 475 3569 597 3643; x_wconf 81' lang='grc' dir='ltr'><strong>αἰῶνας,</strong></span> <span class='ocrx_word' id='word_1_223' title='bbox 620 3567 699 3630; x_wconf 80' lang='grc' dir='ltr'><strong>ἔνθα</strong></span> <span class='ocrx_word' id='word_1_224' title='bbox 721 3572 776 3629; x_wconf 85' lang='grc' dir='ltr'><strong>καί</strong></span> <span class='ocrx_word' id='word_1_225' title='bbox 803 3571 841 3630; x_wconf 88' lang='grc' dir='ltr'><strong>τὰ</strong></span> <span class='ocrx_word' id='word_1_226' title='bbox 868 3569 995 3650; x_wconf 86' lang='grc' dir='ltr'><strong>βραβεῖα</strong></span> <span class='ocrx_word' id='word_1_227' title='bbox 1021 3577 1083 3638; x_wconf 85' lang='grc' dir='ltr'><strong>τοῖς</strong></span> <span class='ocrx_word' id='word_1_228' title='bbox 1106 3565 1244 3630; x_wconf 84' lang='grc' dir='ltr'><strong>ἐνταῦθα</strong></span> <span class='ocrx_word' id='word_1_229' title='bbox 1266 3566 1336 3647; x_wconf 88' lang='grc' dir='ltr'><strong>διη-</strong></span> 
     </span>
     <span class='ocr_line' id='line_1_27' title="bbox 113 3681 1336 3769; baseline -0.003 -21"><span class='ocrx_word' id='word_1_230' title='bbox 113 3694 311 3768; x_wconf 77' lang='grc' dir='ltr'><strong>γωνισμένοις</strong></span> <span class='ocrx_word' id='word_1_231' title='bbox 326 3687 563 3757; x_wconf 73' lang='grc' dir='ltr'><strong>πολλαπλασίως</strong></span> <span class='ocrx_word' id='word_1_232' title='bbox 577 3683 772 3769; x_wconf 76' lang='grc' dir='ltr'><strong>ἡτοίμασται,</strong></span> <span class='ocrx_word' id='word_1_233' title='bbox 787 3690 881 3767; x_wconf 87' lang='grc' dir='ltr'><strong>νόμος</strong></span> <span class='ocrx_word' id='word_1_234' title='bbox 897 3689 955 3767; x_wconf 86' lang='grc' dir='ltr'><strong>γὰρ</strong></span> <span class='ocrx_word' id='word_1_235' title='bbox 968 3681 1055 3755; x_wconf 78' lang='grc' dir='ltr'><strong>οὗτος</strong></span> <span class='ocrx_word' id='word_1_236' title='bbox 1067 3685 1264 3752; x_wconf 77' lang='grc' dir='ltr'><strong>παλαιάςκαί</strong></span> <span class='ocrx_word' id='word_1_237' title='bbox 1276 3703 1336 3744; x_wconf 88' lang='grc' dir='ltr'><strong>κα-</strong></span> 
     </span>
     <span class='ocr_line' id='line_1_28' title="bbox 113 3801 1338 3888; baseline -0.002 -23"><span class='ocrx_word' id='word_1_238' title='bbox 113 3807 173 3876; x_wconf 88' lang='grc' dir='ltr'><strong>λῶς</strong></span> <span class='ocrx_word' id='word_1_239' title='bbox 197 3806 279 3888; x_wconf 84' lang='grc' dir='ltr'><strong>ἔχων</strong></span> <span class='ocrx_word' id='word_1_240' title='bbox 295 3817 332 3888; x_wconf 82' lang='grc' dir='ltr'><strong>τη</strong></span> <span class='ocrx_word' id='word_1_241' title='bbox 352 3814 405 3867; x_wconf 83' lang='grc' dir='ltr'><strong>τοῦ</strong></span> <span class='ocrx_word' id='word_1_242' title='bbox 420 3809 498 3868; x_wconf 79' lang='grc' dir='ltr'><strong>θεοῦ</strong></span> <span class='ocrx_word' id='word_1_243' title='bbox 514 3804 667 3888; x_wconf 77' lang='grc' dir='ltr'><strong>ἐκκλησία</strong></span> <span class='ocrx_word' id='word_1_244' title='bbox 684 3807 891 3888; x_wconf 76' lang='grc' dir='ltr'><strong>ἐπεκράτησεν</strong></span> <span class='ocrx_word' id='word_1_245' title='bbox 908 3803 951 3874; x_wconf 80' lang='grc' dir='ltr'><strong>εἰς</strong></span> <span class='ocrx_word' id='word_1_246' title='bbox 967 3805 1020 3885; x_wconf 76' lang='grc' dir='ltr'><strong>την</strong></span> <span class='ocrx_word' id='word_1_247' title='bbox 1036 3803 1147 3884; x_wconf 80' lang='grc' dir='ltr'><strong>ταύτης</strong></span> <span class='ocrx_word' id='word_1_248' title='bbox 1171 3801 1338 3885; x_wconf 72' lang='grc' dir='ltr'><strong>οἰκοδομὴν</strong></span> 
     </span>
     <span class='ocr_line' id='line_1_29' title="bbox 114 3918 1337 4006; baseline -0.004 -21"><span class='ocrx_word' id='word_1_249' title='bbox 114 3921 193 3986; x_wconf 72' lang='grc' dir='ltr'><strong>ὥστε</strong></span> <span class='ocrx_word' id='word_1_250' title='bbox 215 3931 269 3986; x_wconf 85' lang='grc' dir='ltr'><strong>καί</strong></span> <span class='ocrx_word' id='word_1_251' title='bbox 292 3929 347 3995; x_wconf 85' lang='grc' dir='ltr'><strong>τὰς</strong></span> <span class='ocrx_word' id='word_1_252' title='bbox 369 3935 427 3987; x_wconf 88' lang='grc' dir='ltr'><strong>τῶν</strong></span> <span class='ocrx_word' id='word_1_253' title='bbox 450 3925 623 4006; x_wconf 79' lang='grc' dir='ltr'><strong>ἐκκλησιῶν</strong></span> <span class='ocrx_word' id='word_1_254' title='bbox 646 3946 678 3985; x_wconf 83' lang='grc' dir='ltr'><strong>τε</strong></span> <span class='ocrx_word' id='word_1_255' title='bbox 700 3927 754 3986; x_wconf 87' lang='grc' dir='ltr'><strong>καί</strong></span> <span class='ocrx_word' id='word_1_256' title='bbox 774 3923 892 3984; x_wconf 83' lang='grc' dir='ltr'><strong>πόλεων</strong></span> <span class='ocrx_word' id='word_1_257' title='bbox 914 3930 1086 4004; x_wconf 78' lang='grc' dir='ltr'><strong>περιφανεῖς</strong></span> <span class='ocrx_word' id='word_1_258' title='bbox 1111 3918 1168 3982; x_wconf 84' lang='grc' dir='ltr'><strong>καὶ</strong></span> <span class='ocrx_word' id='word_1_259' title='bbox 1188 3925 1337 4002; x_wconf 91' lang='grc' dir='ltr'><strong>ποιμένων</strong></span> 
     </span>
     <span class='ocr_line' id='line_1_30' title="bbox 117 4037 1339 4124; baseline -0.003 -20"><span class='ocrx_word' id='word_1_260' title='bbox 117 4039 266 4124; x_wconf 79' lang='grc' dir='ltr'><strong>εὐμοιρεῖν</strong></span> <span class='ocrx_word' id='word_1_261' title='bbox 290 4041 457 4117; x_wconf 69' lang='grc' dir='ltr'><strong>ἀξιολόγων</strong></span> <span class='ocrx_word' id='word_1_262' title='bbox 479 4047 533 4104; x_wconf 83' lang='grc' dir='ltr'><strong>καί</strong></span> <span class='ocrx_word' id='word_1_263' title='bbox 556 4046 680 4112; x_wconf 79' lang='grc' dir='ltr'><strong>τούτους</strong></span> <span class='ocrx_word' id='word_1_264' title='bbox 703 4040 813 4111; x_wconf 76' lang='grc' dir='ltr'><strong>αότοιλς</strong></span> <span class='ocrx_word' id='word_1_265' title='bbox 834 4041 924 4102; x_wconf 87' lang='grc' dir='ltr'><strong>πάλιν</strong></span> <span class='ocrx_word' id='word_1_266' title='bbox 948 4037 1043 4100; x_wconf 89' lang='grc' dir='ltr'><strong>οἱονεί</strong></span> <span class='ocrx_word' id='word_1_267' title='bbox 1062 4057 1142 4109; x_wconf 90' lang='grc' dir='ltr'><strong>τινος</strong></span> <span class='ocrx_word' id='word_1_268' title='bbox 1170 4038 1339 4122; x_wconf 78' lang='grc' dir='ltr'><strong>ἐφαμίλλου</strong></span> 
     </span>
     <span class='ocr_line' id='line_1_31' title="bbox 114 4157 1339 4246; baseline -0.007 -22"><span class='ocrx_word' id='word_1_269' title='bbox 114 4168 239 4244; x_wconf 90' lang='grc' dir='ltr'><strong>γνῶμης</strong></span> <span class='ocrx_word' id='word_1_270' title='bbox 262 4171 300 4242; x_wconf 79' lang='grc' dir='ltr'><strong>τῇ</strong></span> <span class='ocrx_word' id='word_1_271' title='bbox 327 4167 457 4245; x_wconf 77' lang='grc' dir='ltr'><strong>σφετίρφ</strong></span> <span class='ocrx_word' id='word_1_272' title='bbox 484 4166 572 4246; x_wconf 84' lang='grc' dir='ltr'><strong>φύσει</strong></span> <span class='ocrx_word' id='word_1_273' title='bbox 589 4163 831 4244; x_wconf 79' lang='grc' dir='ltr'><strong>’μεμετρημένης</strong></span> <span class='ocrx_word' id='word_1_274' title='bbox 858 4159 1002 4220; x_wconf 79' lang='grc' dir='ltr'><strong>ἐντεῦθεν</strong></span> <span class='ocrx_word' id='word_1_275' title='bbox 1027 4159 1103 4238; x_wconf 80' lang='grc' dir='ltr'><strong>πρὸς</strong></span> <span class='ocrx_word' id='word_1_276' title='bbox 1129 4159 1226 4234; x_wconf 89' lang='grc' dir='ltr'><strong>λόγων</strong></span> <span class='ocrx_word' id='word_1_277' title='bbox 1254 4157 1339 4240; x_wconf 75' lang='grc' dir='ltr'><strong>ἔχειν</strong></span> 
     </span>
    </p>
   </div>
   <div class='ocr_carea' id='block_1_6' title="bbox 116 4274 1339 4380">
    <p class='ocr_par' dir='ltr' id='par_1_7' title="bbox 116 4274 1339 4380">
     <span class='ocr_line' id='line_1_32' title="bbox 116 4274 1339 4380; baseline -0.007 -37"><span class='ocrx_word' id='word_1_278' title='bbox 116 4281 313 4366; x_wconf 76' lang='grc' dir='ltr'><strong>ἐφάπτεσθαι</strong></span> <span class='ocrx_word' id='word_1_279' title='bbox 328 4286 382 4341; x_wconf 85' lang='grc' dir='ltr'><strong>καί</strong></span> <span class='ocrx_word' id='word_1_280' title='bbox 403 4283 456 4364; x_wconf 78' lang='grc' dir='ltr'><strong>την</strong></span> <span class='ocrx_word' id='word_1_281' title='bbox 479 4281 596 4344; x_wconf 79' lang='grc' dir='ltr'><strong>οἰκείαν</strong></span> <span class='ocrx_word' id='word_1_282' title='bbox 618 4280 649 4343; x_wconf 85' lang='grc' dir='ltr'><strong>ἐν</strong></span> <span class='ocrx_word' id='word_1_283' title='bbox 671 4291 733 4380; x_wconf 85' lang='grc' dir='ltr'><strong>τρῖς</strong></span> <span class='ocrx_word' id='word_1_284' title='bbox 755 4277 932 4347; x_wconf 91' lang='grc' dir='ltr'><strong>καλλίστοις</strong></span> <span class='ocrx_word' id='word_1_285' title='bbox 955 4274 1186 4340; x_wconf 75' lang='grc' dir='ltr'><strong>ἐπιδείκνυσθαι</strong></span> <span class='ocrx_word' id='word_1_286' title='bbox 1200 4277 1339 4357; x_wconf 76' lang='grc' dir='ltr'><strong>δύναμιν,</strong></span> 
     </span>
    </p>
   </div>
   <div class='ocr_carea' id='block_1_7' title="bbox 117 4393 1342 4600">
    <p class='ocr_par' dir='ltr' id='par_1_8' title="bbox 117 4393 1342 4600">
     <span class='ocr_line' id='line_1_33' title="bbox 117 4393 1340 4484; baseline -0.005 -23"><span class='ocrx_word' id='word_1_287' title='bbox 117 4399 343 4484; x_wconf 79' lang='grc' dir='ltr'><strong>ἀμφοτέρωθεν</strong></span> <span class='ocrx_word' id='word_1_288' title='bbox 366 4393 424 4479; x_wconf 80' lang='grc' dir='ltr'><strong>γὰρ</strong></span> <span class='ocrx_word' id='word_1_289' title='bbox 450 4397 487 4460; x_wconf 80' lang='grc' dir='ltr'><strong>ἂν</strong></span> <span class='ocrx_word' id='word_1_290' title='bbox 510 4397 599 4470; x_wconf 75' lang='grc' dir='ltr'><strong>οὖτος</strong></span> <span class='ocrx_word' id='word_1_291' title='bbox 622 4396 639 4460; x_wconf 85' lang='grc' dir='ltr'><strong>δ</strong></span> <span class='ocrx_word' id='word_1_292' title='bbox 662 4407 714 4459; x_wconf 83' lang='grc' dir='ltr'><strong>τοιῖ</strong></span> <span class='ocrx_word' id='word_1_293' title='bbox 737 4398 860 4458; x_wconf 79' lang='grc' dir='ltr'><strong>δικαίου</strong></span> <span class='ocrx_word' id='word_1_294' title='bbox 886 4396 1068 4468; x_wconf 73' lang='grc' dir='ltr'><strong>διασῶίοιτο</strong></span> <span class='ocrx_word' id='word_1_295' title='bbox 1095 4397 1198 4472; x_wconf 89' lang='grc' dir='ltr'><strong>λόγος,</strong></span> <span class='ocrx_word' id='word_1_296' title='bbox 1224 4399 1279 4456; x_wconf 86' lang='grc' dir='ltr'><strong>καί</strong></span> <span class='ocrx_word' id='word_1_297' title='bbox 1305 4397 1340 4455; x_wconf 85' lang='grc' dir='ltr'><strong>τὸ</strong></span> 
     </span>
     <span class='ocr_line' id='line_1_34' title="bbox 117 4515 1342 4600; baseline -0.007 -20"><span class='ocrx_word' id='word_1_298' title='bbox 117 4527 169 4600; x_wconf 76' lang='grc' dir='ltr'><strong>τῆς</strong></span> <span class='ocrx_word' id='word_1_299' title='bbox 204 4519 376 4600; x_wconf 80' lang='grc' dir='ltr'><strong>ἐκκλησίας</strong></span> <span class='ocrx_word' id='word_1_300' title='bbox 402 4518 553 4600; x_wconf 80' lang='grc' dir='ltr'><strong>πλήρωμα</strong></span> <span class='ocrx_word' id='word_1_301' title='bbox 579 4515 636 4579; x_wconf 72' lang='grc' dir='ltr'><strong>ὑπὸ</strong></span> <span class='ocrx_word' id='word_1_302' title='bbox 662 4515 730 4598; x_wconf 71' lang='grc' dir='ltr'><strong>θεῷ</strong></span> <span class='ocrx_word' id='word_1_303' title='bbox 761 4517 915 4598; x_wconf 76' lang='grc' dir='ltr'><strong>συμμάχου</strong></span> <span class='ocrx_word' id='word_1_304' title='bbox 948 4519 1029 4578; x_wconf 82' lang='grc' dir='ltr'><strong>κατὰ</strong></span> <span class='ocrx_word' id='word_1_305' title='bbox 1062 4518 1096 4577; x_wconf 84' lang='grc' dir='ltr'><strong>τέ</strong></span> <span class='ocrx_word' id='word_1_306' title='bbox 1128 4516 1342 4596; x_wconf 75' lang='grc' dir='ltr'><strong>προσαρμόζον</strong></span> 
     </span>
    </p>
   </div>
   <div class='ocr_carea' id='block_1_8' title="bbox 0 0 1641 5282">
    <p class='ocr_par' dir='ltr' id='par_1_9' title="bbox 0 0 1641 5282">
     <span class='ocr_line' id='line_1_35' title="bbox 0 0 1641 5282; baseline 0 0"><span class='ocrx_word' id='word_1_307' title='bbox 0 0 1641 5282; x_wconf 95' lang='lat' dir='ltr'><strong> </strong></span> 
     </span>
    </p>
   </div>
  </div>
 </body>
</html>
