3282 5270
1271 317 1333 380 48⁷

117 497 183 562 ἀκεῐ
198 503 276 582 μίρη
298 507 524 582 πατριαρχικύν
547 500 716 583 ίξαρχικῶν
739 501 864 562 δικαίων
885 499 1082 583 εἰσόρχεσύαε
1098 499 1140 571 εἰς
1156 503 1190 562 τό
1211 508 1331 563 ιοιούτο

117 617 278 700 μονόόριον
298 622 353 679 καί
375 613 544 680 ἀπολαύειν.
560 627 614 701 της
636 621 788 702 συνήθους
802 620 1023 702 κυβερνήσεως,
1047 619 1088 701 μη
1111 623 1213 700 μίντοι
1229 638 1264 695 γι
1279 622 1333 681 καί

117 733 254 798 ἀπαιτεῖν
287 757 315 798 τι
342 737 432 819 χάριν
464 743 630 799 κανονικού
661 734 841 820 ῆλνοχλείν
874 732 956 820 αὑτῷ
981 737 1038 810 ἔξω
1072 745 1124 800 τού
1156 742 1331 819 πρέποντος,

117 856 170 916 τόν
192 871 229 930 γε
253 854 311 936 μὴν
333 852 491 938 είρημίνυν
513 850 735 934 ιόλαβόσιατον
757 863 816 937 κύρ
835 854 998 938 Βαρλαάμ,
1020 857 1257 939 καθηγούμενον
1279 850 1332 918 εὑ·

116 975 300 1054 ρισνιόμενον
322 969 354 1036 όν
376 971 451 1055 τφόε
473 975 515 1055 τῷ
535 973 686 1056 μυνυόρίφ
707 975 761 1034 καί
783 981 839 1034 τεόν
862 970 893 1034 ἀν
916 969 998 1054 αὑτηί
1023 983 1166 1056 μοναχιῑιν
1188 975 1333 1055 τροίστά-
1381 1051 1383 1068 Ι

19 1132 23 1136 -
119 1107 212 1172 μενον
243 1093 299 1154 καί
331 1093 369 1153 τά
402 1089 445 1161 είς
477 1091 610 1174 ψυχικὴν
642 1087 739 1152 αὑτῶν
764 1091 951 1154 λυσιτόλειαν
979 1090 1210 1175 εἰσηγούμενον,
1244 1086 1335 1153 αὑτόν

117 1213 249 1291 πίμπειν
274 1212 330 1273 καί
350 1211 385 1272 τό
406 1212 569 1272 κανονικόν
591 1207 634 1280 εἰς
655 1212 689 1272 τό
710 1211 932 1292 πατριαρχικύν
957 1209 1080 1272 κελλίον
1105 1205 1180 1272 καθ’
1202 1206 1336 1271 όκαστυν

118 1327 189 1397 ίτος
211 1323 429 1412 ἀνυστερητεες.
450 1325 506 1390 καὶ
528 1325 572 1400 είς
587 1329 641 1410 την
655 1331 721 1409 περὶ
736 1330 843 1390 τούτου
859 1326 1031 1412 ἀσφάλειαν
1054 1326 1238 1397 ἀπολέλυσαι
1255 1323 1337 1409 αὑτῷ

119 1447 154 1506 τό
168 1447 268 1529 παρόν
283 1449 410 1530 γράμμα
430 1453 485 1530 της
505 1441 592 1530 ἡμῶν
614 1448 809 1530 μετριότητος
830 1449 860 1524 †.

205 1561 451 1650 ΤἚγράφη
483 1574 531 1648 τῇ
562 1561 670 1647 ίκτη
703 1571 777 1626 τού
805 1563 985 1627 ὶουλίου
1023 1566 1161 1648 μηνός
1198 1572 1275 1648 της
1313 1563 1337 1625 δ’

118 1681 199 1745 ίνό.
232 1685 262 1760 †.

387 1866 573 1934 ccxxvu.
589 1868 830 1948 (6876-1368)
845 1868 930 1932 iulio.
946 1867 1009 1932 ind.
1025 1867 1077 1932 vl.

173 2007 326 2078 Dionysius
347 2007 518 2064 Ίίανιακειιε
531 2011 567 2082 fit
585 2011 673 2064 αόόαε
690 2013 850 2066 mm·
869 2009 957 2080 cyrici
973 2021 1001 2064 τι
1018 2009 1134 2102 Ικίίιίαε
1151 2009 1286 2080 Summi.

207 2151 373 2238 ῒΜηνί
401 2153 559 2237 ίουλίφ
589 2153 668 2216 ίνό.
703 2155 730 2227 ς’
760 2159 791 2232 γ.

207 2276 229 2351 †
252 2269 336 2336 Ἐπεί
357 2270 375 2336 ό
397 2275 576 2355 τιμιώτατος
597 2270 629 2334 ἀν
657 2283 814 2357 μοναχοῐς,
842 2281 899 2355 κύρ
921 2271 1076 2344 Διονύσιος
1098 2269 1115 2334 ὑ
1137 2272 1334 2355 Τῑαμοὶγκυς,

121 2389 281 2475 ἀγαπητός
302 2393 385 2454 κατὰ
405 2397 523 2472 πνεύμα
543 2388 606 2462 υἱός
628 2401 682 2475 τῆς
703 2388 788 2474 ἡμῶν
811 2395 1015 2474 μετριότητος,
1038 2389 1164 2476 ἀνίριρε
1187 2394 1239 2452 καί
1263 2390 1336 2474 εζη-

119 2531 194 2594 τησι
216 2511 270 2592 τόν
291 2506 377 2593 ἡμῶν
401 2511 591 2592 μετριότητα,
620 2511 654 2571 τό
681 2509 714 2570 όν
740 2519 778 2592 τῇ
800 2507 973 2580 Συεζοτόλει
993 2511 1214 2592 πατριαρχικόν
1238 2529 1335 2592 μονοι-

118 2631 253 2712 στήριον,
276 2627 319 2700 είς
334 2624 432 2710 ὄνομα
447 2631 615 2710 τιμώμενον
633 2637 690 2690 τῶν
711 2625 806 2704 άγίιιν
822 2629 978 2710 μαρτύριον
994 2627 1127 2710 Κυρίκυο
1142 2631 1196 2690 καί
1210 2627 1335 2691 Ἰουλίε-

117 2767 184 2830 της,
205 2749 413 2830 ποιησάμενος
435 2745 590 2829 ίγγραρυν
612 2739 776 2829 ὑπόσχεσιν
798 2748 873 2826 πρός
896 2746 949 2828 τὴν
963 2741 1048 2829 ἡμῶν
1072 2749 1262 2830 μετριότητα,
1284 2744 1336 2808 ἵνα

116 2871 235 2947 πρῶτον
258 2867 312 2947 μάν
337 2867 462 2951 γίνηται
486 2859 556 2946 παρ’
585 2858 678 2925 αὑτοῦ
701 2863 732 2926 όν
754 2873 792 2948 τό
819 2853 943 2946 τοιαύτη
973 2874 1051 2948 μονῇ
1073 2867 1154 2926 κατὰ
1180 2869 1219 2927 τὰ
1241 2861 1336 2947 όμπι-

119 2981 320 3066 ριειλημμίνα
351 2991 390 3065 τῇ
412 2981 537 3064 τοιαύτη
560 2977 726 3064 ὑκοσχίσει
748 2978 850 3057 αότού,
885 2980 990 3044 ἔπειτα
1014 2979 1070 3044 καὶ
1103 2979 1162 3046 ὅσα
1184 2980 1336 3067 ἀφορῶσιν

120 3100 166 3171 είς
201 3100 359 3181 βελτίοσιν
384 3103 439 3163 καὶ
460 3103 535 3182 πρός
556 3103 591 3162 τό
612 3109 749 3182 κρεῖττον
771 3097 906 3162 λπίόυσιν
931 3107 985 3181 τῆς
1010 3101 1153 3182 τοιαύτης
1181 3109 1275 3183 μονης
1298 3100 1329 3161 όι

119 3217 240 3280 οἰκείαν
263 3213 356 3280 αὑτοῦ
379 3215 500 3290 ἀξόύιυν,
527 3213 604 3279 ὅστε
627 3214 827 3292 ὑπαναγαγείν
849 3217 939 3279 πάλιν
962 3211 1056 3299 αὐτὴν
1083 3215 1127 3286 τίς
1149 3219 1202 3299 την
1224 3221 1334 3298 προτί-

117 3355 189 3419 ραν
202 3338 406 3410 κατάστασιν,
432 3333 657 3398 λλαττιυόείσαν
684 3332 715 3407 be
741 3332 888 3416 ἀμελείας
914 3345 972 3396 τῶν
997 3337 1101 3418 πρώην
1127 3331 1336 3417 ἡγουμενικῶς

118 3457 312 3537 προστάντων
335 3451 442 3537 αὑτῆς,
467 3451 637 3516 κάντεῦθεν
659 3447 835 3536 εὑρίσκηται
857 3450 1075 3534 ἀμεταστάτευς
1102 3449 1143 3522 ὑις
1170 3454 1335 3534 καθηγού-

119 3593 210 3658 μενος
231 3577 286 3637 καί
306 3571 490 3654 οίκοκὺριυς,
512 3569 572 3642 ἕως
594 3569 631 3635 ἀν
651 3583 741 3656 περιῇ
755 3571 879 3653 τερβίῳ,
895 3572 970 3654 όιόῷ
990 3591 1021 3634 τε
1047 3574 1102 3634 καί
1122 3571 1197 3652 πρός
1219 3573 1253 3632 τό
1277 3575 1331 3652 μί·

118 3715 171 3777 ρος
192 3701 248 3776 της
269 3691 528 3775 Ἀποκαυκίοσης,
551 3700 605 3775 τῆς
627 3691 744 3774 νύμφης
766 3697 819 3752 τού
842 3689 978 3771 μεγάλου
1010 3687 1172 3769 οἰκονόμου
1206 3684 1334 3764 ἐκείνου,

118 3809 179 3875 όσα
212 3814 404 3897 συνεφύνησε
438 3807 500 3893 μετ’
535 3806 628 3892 αότης
650 3809 769 3871 όιόόναι
801 3810 874 3890 πρός
905 3805 1011 3890 ,σόν-ην,
1046 3805 1179 3888 ἔχουσαν
1212 3805 1334 3868 δίκαιον

117 3931 300 4013 κτητορικύν
324 3929 368 3999 είς
390 3929 443 4012 την
467 3929 568 4010 μονην,
592 3923 633 3996 ὥς
656 3928 778 3999 δείξειαν
799 3929 833 3988 τό
855 3929 929 4008 πρός
952 3920 1045 4008 αὑτόν
1071 3927 1216 4006 πρότερον
1240 3943 1333 4000 γεγυ-

118 4051 170 4119 νός
191 4051 321 4130 γράμμα
342 4056 395 4130 τῆς
416 4032 502 4130 ἡμὺιν
525 4048 729 4129 μετριότητος,
752 4047 807 4106 καί
829 4041 876 4106 ἀπί
897 4045 970 4125 τηόε
992 4055 1030 4126 τη
1053 4039 1219 4125 ὑποσχίσει
1241 4042 1335 4105 αὑτοῦ

120 4167 245 4242 ίόάξατο
268 4167 321 4248 την
344 4168 468 4248 ζήτησιν
492 4161 583 4227 αὑτοῦ
604 4161 624 4248 ἡ
648 4166 807 4247 μετριότης
828 4161 928 4246 ἡμῶν,
948 4160 1011 4245 ἤδη
1035 4161 1159 4225 ἀπολύει
1181 4166 1215 4224 τό
1236 4163 1335 4242 παρόν

121 4285 448 4370 ἀκόυτήριονγράμμα
468 4285 542 4364 πρός
565 4279 669 4357 αὐτόν,
702 4279 740 4344 δι’
764 4275 799 4344 οὑ
820 4281 1065 4363 παρακελεύεται
1090 4279 1120 4344 όν
1144 4279 1221 4364 άγίερ
1243 4283 1334 4343 πνεό-

122 4429 208 4490 ματι,
240 4401 292 4465 ἵνα
314 4413 372 4464 τῶν
394 4402 449 4463 δύο
472 4403 583 4463 τούτων
606 4407 769 4485 γινομένων
795 4397 864 4482 παρ’
891 4395 984 4462 αὑτοῦ
1006 4403 1088 4462 κατὰ
1110 4401 1162 4482 την
1185 4395 1335 4483 ῥηθεῖσαν

122 4519 298 4608 ὑπόσχεσιν,
331 4531 384 4604 της
417 4543 449 4583 τε
471 4521 613 4602 δηλονότι
634 4517 673 4583 δι’
696 4519 816 4584 οἰκείων
839 4516 931 4582 αὑτοῦ
955 4518 1066 4591 ἐξόδων
1094 4519 1280 4598 βελτιώσεύς
1302 4539 1334 4580 τε
