3258 5282
354 263 417 326 4⁰0

356 453 441 524 ύντες
463 449 498 514 ού
522 453 690 537 βοηθοῦσιν
715 449 770 514 καὶ
795 456 1008 534 συντρέχουσιν
1034 445 1128 531 αύτῷ,
1157 447 1237 512 ἀλλὰ
1265 448 1381 530 μᾶλλον
1409 445 1549 526 βιάζονται

353 576 409 636 καί
442 581 628 653 σκαιωροῦαι
653 580 707 633 τοῦ
734 565 818 653 ῥίψαι
842 568 985 632 κάκεῖνον
1012 569 1045 630 έν
1072 579 1109 652 τῇ
1136 568 1283 648 θαλάσση
1308 571 1362 627 καί
1391 565 1496 634 πνῖξαι.
1528 565 1551 620 τί

356 689 424 772 ἔχει
444 698 571 772 ποιῆσαι
593 693 646 750 καί
667 687 862 770 ἔργάσασθαι
876 685 893 749 ύ
909 687 1022 758 λλεῖνός
1043 691 1096 748 καί
1117 685 1229 755 άθλιος
1247 683 1363 755 ἰκτῖνος
1377 681 1552 764 ναύκληροτς

354 807 425 877 τούς
456 813 621 876 κακίστους
654 808 764 875 ναύτας
797 806 865 888 ἔχει
896 805 1047 878 δέξασθαι
1078 803 1098 888 ἤ
1124 804 1177 886 τήν
1204 804 1273 884 βίαν
1299 811 1353 884 τῆς
1384 799 1552 878 θαλάσσητγ

354 919 450 994 οὕτως
472 928 530 1006 γάρ
551 927 746 1006 πεπύνθαμεν
769 927 822 984 καί
843 919 929 1006 ἡμεῖς
951 919 1070 984 αύτύθι.
1092 923 1170 1004 πλην
1192 922 1227 984 δέ
1248 922 1353 1002 κύριος
1375 917 1458 981 οἶδεν
1478 915 1553 986 ύτύτ

355 1042 484 1123 καρδίας
507 1052 565 1103 τῦν
588 1041 754 1125 ἀνθρώπων
777 1045 932 1118 γινώσκων
955 1045 1137 1123 μονώτατος,
1159 1040 1260 1102 πολλὰ
1283 1036 1344 1114 ἔγύ
1365 1033 1450 1120 ἡμεῖς
1473 1035 1554 1096 ένθο-

355 1169 471 1243 μοῦμαι
492 1164 600 1230 νυκτός
621 1165 675 1222 καί
699 1157 831 1243 ἡμέρας,
858 1160 949 1222 πλέον
970 1160 1005 1222 δέ
1030 1163 1148 1220 πάντων
1181 1161 1225 1232 σέ,
1251 1160 1302 1220 τύν
1329 1158 1404 1238 ε’μύν
1431 1154 1556 1235 τοθτμύν

353 1283 417 1363 καίΙ
442 1277 598 1362 ἀγαπητὸν
631 1301 689 1362 μου
716 1277 789 1354 υἱύν,
816 1284 870 1341 καὶ
896 1277 1011 1361 ἤθελον
1040 1279 1131 1340 πάλιν
1163 1285 1216 1339 τοῦ
1237 1277 1426 1353 καταλαβεῖν
1459 1269 1558 1358 αύτύθτ
1607 1313 1608 1372 η

353 1395 424 1478 μεθ’
448 1393 529 1478 ύμιῦν
552 1403 606 1460 καί
633 1400 813 1479 διαβιβάσαι
838 1400 888 1458 τύν
917 1398 1024 1477 μικρὸν
1050 1397 1158 1478 καιρύν
1184 1403 1239 1478 τῆς
1267 1392 1343 1478 ἐμῆς
1370 1397 1467 1474 ἰωῆς,
1492 1389 1558 1470 πλὴν

351 1515 387 1574 δύ
408 1523 496 1576 τοῦτο
519 1512 575 1577 ούκ
599 1516 662 1598 ἔχω
684 1526 810 1598 ποιῆσαι
832 1513 852 1599 ἢ
873 1516 984 1596 πρᾶξαι
1004 1514 1056 1574 διὰ
1078 1517 1132 1583 τὰς
1154 1516 1275 1596 γραφὰς
1297 1519 1350 1573 τοῦ
1372 1507 1560 1594 θεορρουρή-
1607 1515 1608 1610 χ

353 1653 407 1694 του
429 1637 483 1694 καὶ
506 1631 595 1710 ἁγίου
616 1631 702 1716 ἡμῶν
729 1612 961 1714 βασιλέωςτὰς
988 1630 1142 1700 ἐλθούσας
1167 1633 1241 1714 πρὸς
1267 1625 1350 1712 ἡμᾶς
1375 1636 1430 1690 τοῦ
1458 1627 1560 1692 τελέως

350 1755 405 1812 καί
428 1755 581 1833 συντόμως
605 1751 749 1816 ἀπελθεῖν
772 1750 802 1814 ἐν
825 1762 862 1834 τη
879 1751 1082 1831 βασιλευούσῃ
1103 1757 1160 1810 τιῦν
1185 1748 1312 1821 πύλεων,
1334 1747 1388 1827 την
1402 1745 1560 1808 Κωνσταν-

352 1869 530 1942 τινούπολιν,
553 1875 639 1952 φημί.
662 1873 696 1931 τύ
719 1870 753 1931 δὲ
775 1867 843 1951 παρ’
870 1865 955 1952 κ’γμιῦν
983 1869 1130 1950 βουλητὸν
1144 1866 1225 1948 *ἔχει
1248 1862 1355 1934 ούτως·
1384 1862 1438 1925 ἐὰν
1463 1863 1524 1942 δύη
1547 1855 1561 1917 ὃ
1607 1863 1608 1880 ’

352 1989 455 2069 κύριος
477 1992 531 2050 καί
552 1990 626 2058 θεύς
653 1985 738 2071 ἡμῶν
765 1983 880 2064 ύγιείαν
905 1993 959 2050 καί
988 1984 1018 2047 έν
1047 1997 1083 2068 τῇ
1110 1984 1170 2065 ύδη]
1195 1983 1315 2067 είρήνην
1343 1987 1397 2044 καί
1425 1983 1562 2062 γαλήνην,

353 2106 526 2188 μελετῶμεν
548 2105 602 2167 καί
625 2117 815 2188 μεριμνῶμεν
838 2109 888 2167 τὸν
911 2107 1108 2186 φτυροοάριον
1125 2112 1205 2185 μῆνα
1227 2111 1280 2163 τοῦ
1303 2100 1439 2174 ἐξελθεῖν
1461 2099 1497 2160 ὲκ
1518 2106 1563 2178 τῆς

353 2225 447 2305 νήσου
468 2221 601 2304 Κύπρου,
624 2227 677 2286 καί
701 2221 795 2305 εύχου
816 2227 870 2284 καί
891 2225 963 2284 δέου
988 2230 1040 2286 τοῦ
1068 2224 1145 2284 θεοῦ
1171 2217 1245 2302 ύττὲρ
1265 2217 1366 2303 ἡμῶν,
1394 2216 1478 2288 ὅπως
1499 2213 1561 2278 εύο·

352 2340 495 2422 δοθιῦμεν
521 2348 574 2402 τοῦ
596 2341 776 2422 διαπερᾶναι
797 2343 939 2424 τοιαύτην
960 2341 1075 2423 πολλὴν
1096 2343 1150 2402 καί
1173 2339 1310 2422 μεγάλην
1332 2336 1414 2414 δδύν,
1437 2339 1514 2418 πλην
1534 2335 1563 2395 δὲ

352 2455 440 2535 κάγιδ
463 2454 551 2541 ύρπίς,
573 2457 614 2530 ύς
640 2456 676 2521 ἐκ
698 2462 775 2521 θεοῦ
798 2461 971 2541 δεξάμενος,
999 2457 1112 2544 ύφείλω
1138 2463 1192 2520 καί
1216 2466 1362 2541 χρεωστιῦ
1391 2465 1446 2518 τοῦ
1472 2457 1562 2528 λέγειν

351 2580 425 2659 πρὸς
458 2573 536 2661 ύμάς
563 2583 601 2640 τὰ
623 2579 787 2662 ψοχωρελῆ
815 2582 869 2642 καί
896 2582 1045 2661 σωτήρια·
1074 2578 1184 2641 σπεῦδε
1211 2581 1265 2638 καί
1297 2574 1449 2652 ἀγωνίζου
1480 2575 1563 2636 πλέον

351 2705 410 2756 τῶν
433 2695 534 2758 ἄλλων
557 2705 611 2778 τῆς
633 2700 766 2779 ψυχικῆς
789 2717 844 2757 σου
866 2694 1014 2781 ὠφελείας
1036 2701 1090 2758 καὶ
1113 2699 1279 2778 σωτηρίας,
1300 2692 1351 2757 ἵνα
1372 2694 1562 2777 κληρονομή·

354 2834 412 2894 σης
433 2816 472 2875 τὰ
495 2811 603 2905 ἀγαθὰ
625 2823 679 2895 τῆς
706 2812 768 2875 ἀνω
790 2811 999 2896 Ἰερουσαλὴμ,
1028 2814 1048 2876 ἃ
1075 2811 1239 2898 δφθαλμύς
1266 2807 1322 2873 οὐκ
1348 2810 1413 2872 οἶδε
1442 2815 1496 2873 καί
1517 2804 1563 2876 ούς
1607 2885 1608 2888 ¹

351 2927 409 2992 ούκ
440 2928 556 3012 ἤκουσε
583 2934 638 2991 καί
666 2929 714 2992 ἐπί
739 2929 869 3012 καρδίαν
897 2929 1058 3012 ἀνθρώπου
1085 2927 1142 2992 ούκ
1169 2928 1279 3013 ἀνέβη,
1307 2927 1520 3014 ά·ἠτοίμασεν
1549 2922 1564 2986 ἀ

352 3051 427 3118 θεὸς
449 3061 511 3119 τοῖς
534 3047 691 3125 ἀγαπῶσιν
714 3045 815 3112 αύτύν.
837 3050 914 3132 πλην
936 3049 970 3112 δλ
993 3051 1045 3112 διά
1067 3050 1120 3133 την
1144 3046 1264 3133 ἀγάπην
1288 3057 1340 3111 τοῦ
1361 3053 1469 3131 κυρίου
1485 3045 1562 3132 ἡμῦν

352 3164 452 3248 Ἰησοῦ
475 3168 606 3248 Χριστοῦ
627 3172 709 3229 κατὰ
730 3169 765 3229 τύ
788 3168 914 3228 δονατύν
935 3169 1067 3250 πρύσεχε
1090 3169 1143 3250 τήν
1165 3169 1309 3249 καθαρὰν
1336 3163 1495 3248 εὐσέβειαν
1516 3165 1562 3226 καί

350 3290 458 3358 πίστιν,
481 3284 518 3366 ἣν
539 3287 712 3367 παρέλαβες
733 3287 1017 3367 πατροπαράδοτον,
1044 3283 1090 3348 ὅτι
1112 3283 1129 3347 ὁ
1155 3287 1260 3368 παρύν
1286 3289 1393 3368 καιρδς
1415 3291 1469 3347 καὶ
1493 3287 1562 3368 χρύ-

351 3425 402 3474 νος
423 3407 522 3465 πάντα
543 3404 771 3487 διεφθαρμένος
800 3407 936 3478 γέγονεν,
965 3399 1000 3464 ού
1029 3405 1087 3486 μὴν
1114 3404 1148 3464 δὲ
1175 3400 1191 3464 ὁ
1217 3406 1341 3486 χρύνος,
1370 3401 1438 3465 ἀλλ’
1465 3404 1496 3466 οἱ
1516 3407 1561 3463 τοῦ

352 3525 464 3604 χρύνου
485 3527 539 3583 καί
566 3529 618 3582 τοῦ
644 3529 753 3602 καιροῦ
780 3521 886 3581 τούτου
913 3519 1077 3600 ἄνθρωποι,
1104 3525 1229 3605 πονηροί
1254 3527 1308 3583 καί
1334 3523 1490 3602 διαβολεῑς
1514 3523 1562 3582 καί

351 3645 496 3724 φθονεροὶ
518 3643 572 3701 καί
594 3640 814 3720 μισάνθρωποι,
839 3639 954 3718 μᾶλλον
977 3637 1010 3698 δὲ
1031 3637 1167 3722 τάληθὲς
1183 3638 1283 3712 εἰπεῖν,
1300 3643 1495 3722 μισύχριατοι
1515 3638 1562 3698 καί

354 3757 445 3819 ἄθεοι
477 3757 531 3820 καί
557 3757 676 3820 ἄπιστοι
702 3762 755 3819 καί
781 3763 832 3816 τοῦ
858 3757 956 3816 καλοῦ
982 3759 1079 3839 πάντη
1113 3755 1271 3838 ἀμέτοχοι.
1305 3757 1396 3835 βλέπε
1423 3757 1458 3818 δέ
1498 3759 1560 3823 τούς

352 3878 627 3958 προβατοσχήμοος
660 3877 781 3949 λύκους,
816 3873 867 3944 ούς
897 3870 913 3934 ύ
945 3875 1047 3955 παρύν
1079 3878 1186 3955 καιρύς
1208 3878 1261 3935 καί
1292 3877 1402 3956 χρόνος
1433 3876 1560 3940 πολλούς

352 3999 453 4076 τρέφει
474 3997 528 4054 καί
542 3963 626 4075 Ιἔχει.
651 3995 783 4069 γνωστύν
807 3993 883 4054 ἔστω
906 4013 954 4053 σοι
979 3995 1036 4053 καί
1059 4003 1161 4066 τοῦτο,
1189 3989 1235 4053 ύτι
1262 3991 1298 4054 ἐκ
1324 4003 1377 4077 τῆς
1399 3991 1555 4058 Κωνσταν·

352 4113 550 4182 τινουπύλεως
584 4111 799 4193 ἀπεστάλησαν
832 4114 945 4192 γραφαί
979 4109 1021 4179 εὶς
1054 4110 1122 4179 τούς
1159 4122 1236 4192 τρεῖς
1271 4115 1477 4194 πατριάρχας,
1514 4112 1558 4172 τύν

351 4227 552 4312 Ἀντιοχείας,
575 4232 626 4290 τύν
648 4229 878 4310 Ἀλεξανδρείας
901 4232 955 4290 καί
976 4229 1027 4288 τύν
1041 4224 1264 4310 Ἱεροσολύμων,
1287 4234 1341 4293 καί
1363 4228 1501 4291 ἐνταῦθα
1521 4227 1557 4298 εὶς

354 4349 407 4429 τήν
434 4347 555 4427 Κύπρον
581 4350 661 4409 κατὰ
688 4359 744 4409 τιῦν
770 4345 873 4409 ἀθέων
898 4345 953 4407 καὶ
978 4346 1137 4408 πολυθέων
1159 4345 1358 4432 Παλαμιτιῦν,
1389 4347 1499 4432 ἔφερον
1529 4349 1557 4408 δὲ

353 4467 467 4534 ταύτας
500 4469 554 4534 τὰς
580 4469 698 4550 γραράς
728 4463 754 4525 οἱ
782 4463 915 4526 ἐνταῦθα
948 4461 1033 4534 ύντες
1065 4471 1243 4547 χριατιανοί,
1277 4471 1330 4528 καί
1363 4463 1489 4548 οἴδαμεν
1511 4469 1557 4530 ιιαί
