3258 5278
1244 306 1304 372 159

82 485 289 573 ίντελίστερον
305 493 365 585 Ικαί
386 493 518 575 ζητῆσαι
538 493 593 554 καί
613 491 876 574 καταπρόεασθαι
898 491 952 574 την
980 487 1051 575 μεθ’
1078 488 1167 575 ἡμῶν
1185 489 1303 567 ἀνωσιν,

81 603 181 692 ὅσπερ
203 612 259 672 καί
278 605 368 694 ἡμεῖς
388 611 444 672 καί
465 613 616 694 ζητοῦμεν
649 613 705 672 καί
731 608 956 694 ἀποδεχόμεθα
985 612 1041 672 καί
1067 607 1106 672 δι’
1132 605 1226 694 εόχης
1251 614 1306 673 καί

80 723 214 812 λρίσεεις
239 728 427 811 ποιοίμεθα.
460 727 490 792 οἱ
520 726 745 801 ἀπυσταλίντες
773 727 843 812 παρ’
870 725 954 813 ἀμῶν
978 731 1132 812 πρίσβεις,
1161 731 1303 792 καταλα·

80 847 184 927 β’όντις
200 843 348 922 ἀνταόθα,
370 847 552 932 διεκόμισαν
566 851 642 932 πρός
662 843 756 932 ἡμᾶς,
775 845 872 932 ἅσπερ
889 845 1070 934 ίπερίρυντο
1086 865 1206 933 γραρας
1220 851 1304 932 παρὰ

79 974 131 1046 τῆς
153 961 320 1047 εὐλαβείας
345 961 439 1050 όμαῖν.
465 962 486 1051 ἡ
509 975 582 1046 γοόν
610 971 772 1053 μετριότης
796 965 883 1054 ἡμῶν
912 966 1091 1052 ἀθροίσασα
1116 973 1184 1050 περί
1209 963 1304 1054 πότην

80 1085 148 1156 τοός
168 1087 406 1169 παρατυχόντας
428 1095 488 1149 τόν
514 1085 681 1171 ἀρχιερίαν
703 1093 757 1151 καί
781 1088 908 1152 σύνοδον
929 1093 1139 1172 ποιησαμένη,
1162 1108 1303 1173 συμπαρ-

78 1206 163 1275 όντος
189 1199 264 1288 ἡμῖν
289 1207 345 1267 καί
369 1212 424 1268 τοό
449 1204 613 1289 κρατίστου
634 1210 689 1270 καί
710 1203 800 1284 ἁγίου
822 1227 881 1290 μου
901 1203 1129 1290 αὐτοκράτορος
1152 1211 1229 1290 μετὰ
1250 1215 1305 1292 της

80 1319 125 1387 ὁπ’
141 1319 238 1387 αότδν
253 1323 429 1407 συγκλήτου
443 1326 498 1386 καί
519 1326 642 1407 τάξιας,
664 1329 848 1409 προίτρεψεν
865 1323 1105 1410 ἀναγνωσθῆναι
1119 1329 1175 1398 τάς
1196 1326 1303 1388 τοιαιί-

79 1463 131 1514 τας
145 1446 280 1527 γραφὰς,
295 1447 350 1506 καί
371 1443 411 1528 δὴ
434 1441 694 1522 ἀναγνωσθεισῶν
709 1443 753 1516 είς
768 1441 904 1528 ίπηκοον
922 1447 1042 1506 ποίντιεν
1058 1443 1193 1528 ίγναμεν
1210 1443 1301 1527 ἀκρι-

80 1561 137 1640 βεῖς
158 1563 215 1646 ιὴν
238 1556 387 1646 ὑμετέραν
409 1559 607 1648 ίτιστρορην,
635 1561 672 1646 ῆν
699 1559 777 1625 θεοό
803 1565 988 1647 κινήσαντος
1012 1557 1096 1646 ἡμᾶς
1125 1565 1204 1646 μετὰ
1224 1565 1302 1645 θερ-

80 1687 136 1764 μῆς
161 1683 244 1744 πάνυ
268 1684 324 1744 καί
349 1679 533 1765 εἰλικρινοῦς
560 1682 736 1753 διαθίστιις
764 1679 942 1755 ίδείξασθε·
971 1678 1047 1766 ὅσης
1073 1677 1126 1744 οὖν
1151 1677 1303 1765 εόθυμίας

80 1794 280 1884 ίαλησθημεν
301 1797 350 1863 ἀπὶ
371 1801 503 1876 τούτοις,
532 1796 608 1885 όσης
629 1797 743 1886 ἡδονῆς
765 1803 820 1864 καί
846 1797 916 1864 οίαν
937 1799 1074 1884 ίσχομεν
1094 1801 1302 1884 πνευματικὴν

80 1913 277 2004 ιίρροσόνην,
298 1923 328 1982 τί
349 1922 410 2004 χρη
432 1922 487 1982 καί
508 1921 623 1998 λίγειν;
645 1922 724 2004 πλην
746 1917 794 1983 ότι
809 1917 1001 2003 ίπεσκίόατυ
1020 1921 1125 2004 πόριος
1146 1921 1201 2004 την
1222 1919 1303 2005 κλη-

81 2042 226 2120 ρυνομίαν
259 2032 369 2113 αὐτοῦ,
401 2041 456 2100 καί
489 2031 525 2100 οὐ
551 2037 695 2121 παρεῖδεν
717 2033 812 2122 ὑμαῖς,
834 2039 887 2100 τόν
909 2035 1022 2100 οἰκεῖον
1044 2031 1138 2100 αότοό
1160 2039 1245 2113 λαόν,
1269 2036 1304 2100 δν

80 2153 119 2239 τῇ
146 2153 220 2238 ἰδίῳ
248 2153 358 2238 αίματι
381 2157 633 2240 περιεποιήσατο,
669 2155 893 2237 διεσπασμίνον
926 2157 1004 2219 είναι
1034 2159 1091 2218 καί
1117 2155 1302 2238 διερρηγμί-

80 2294 126 2337 νον
147 2273 193 2347 είς
217 2277 321 2352 τίλας,
344 2273 413 2340 ἀλλ’
435 2272 536 2358 ὅσπερ
556 2277 703 2358 πρότερον
724 2275 778 2337 διὰ
793 2275 957 2360 σπλάγχνα
972 2273 1077 2347 ίλίυυς
1091 2277 1169 2339 θεοῦ
1190 2275 1305 2358 πατρός

80 2391 151 2459 καθ’
172 2391 261 2480 ἡμας
283 2393 508 2479 ἀναμαρτήτως
530 2397 656 2471 γίγονεν
679 2393 856 2476 ἄνθρωπος,
878 2397 932 2456 καί
952 2396 989 2456 τό
1011 2395 1195 2478 μεσότοιχον
1216 2395 1304 2456 καθ-

12 2527 13 2592 ί
84 2512 158 2576 τλελν
180 2521 238 2576 τυό
260 2521 403 2599 ρραγμυό
425 2514 480 2595 την
503 2510 638 2596 ἀρχαίαν
660 2513 871 2575 καταλόλυκεν
901 2511 1038 2596 ἔχθραν,
1065 2514 1120 2575 καί
1141 2512 1303 2595 κατήλλα-

12 2617 13 2712 ]
80 2633 125 2704 ξεν
138 2629 226 2717 ἡμεῖς
241 2629 284 2715 τῷ
297 2631 365 2716 θεῷ
385 2633 440 2694 καί
460 2634 559 2715 πατρί,
583 2626 662 2694 οότιε
684 2634 739 2694 καί
759 2639 811 2694 νῦν
831 2629 906 2694 ίδεδν
928 2627 1021 2701 αὖθις
1043 2625 1122 2714 ὑμᾶς
1144 2634 1304 2714 σπίρματα

12 2723 14 2794 ί
82 2753 199 2835 πονηρὰ
221 2751 408 2832 διξαμίνυυς
432 2753 517 2832 παρὰ
543 2757 597 2814 τοό
622 2759 729 2813 κοινοῦ
754 2748 903 2833 πολεμίου
929 2752 984 2812 καί
1009 2749 1171 2812 διάστασιν
1197 2747 1304 2832 ίτόραν

12 2879 14 2954 γ
82 2871 277 2940 πεπονθότας
299 2865 348 2932 ίπί
367 2871 447 2933 πάνυ
462 2869 588 2940 πολλοῖς
610 2877 673 2938 τοῖς
695 2871 817 2952 χρόνοις
831 2871 907 2951 πρός
922 2869 976 2951 τὴν
990 2869 1096 2951 κοινὴν
1112 2871 1230 2953 μητέρα
1245 2877 1304 2930 τόν

82 2985 266 3074 ίακλησιιῖν,
290 2985 417 3074 ᾤκτειρε
440 2990 494 3050 καί
519 2989 781 3072 κατεδοσαπηθη,
803 2992 858 3051 καί
884 2984 941 3050 οόκ
965 2985 1066 3072 ἀρηκε
1088 2989 1139 3049 τόν
1165 2995 1304 3050 τοιοῦτον

83 3105 197 3192 ίχθράν
213 3111 306 3191 μίχρι
321 3107 428 3178 πίλους
443 3105 613 3184 λπεγγελίῖν
628 3117 667 3192 τῇ
682 3109 825 3190 συντριβη
841 3115 894 3190 της
908 3103 989 3178 ὶδίας
1005 3105 1225 3189 κληρονομίας·
1250 3103 1303 3168 ἅτε

82 3225 177 3290 τοίνυν
201 3229 300 3310 σορός
319 3221 362 3286 ἀν
381 3224 487 3308 ίατρδς
508 3235 566 3288 τόν
584 3222 740 3309 ἡμετόριον
756 3229 862 3310 ψυχιῖν
876 3228 931 3287 καί
946 3227 1158 3310 συμφερόντως
1181 3223 1304 3286 οἰκονο-

83 3356 143 3427 μῶν
162 3350 202 3409 τά
222 3342 373 3430 ἡμίτιρα,
396 3347 467 3416 τοός
488 3366 521 3407 τε
542 3345 670 3428 καιροὺς
692 3343 781 3416 τίδῖδς
806 3343 917 3427 ἄριστα
939 3353 993 3428 τῆς
1019 3343 1187 3425 θεραπείας
1211 3339 1304 3425 ὑμῶν,

82 3468 133 3526 καί
148 3464 269 3538 ὁποίοις
291 3467 469 3552 φαρμάκοις
489 3461 509 3547 ἡ
533 3461 707 3548 ἐνοχλοῦσα
728 3467 820 3538 νόσος
842 3459 1045 3547 ίξιαθησεται
1065 3467 1120 3524 καί
1142 3465 1176 3524 τό
1200 3459 1305 3544 ἐμφυ-

84 3583 169 3646 λιόσν
192 3581 430 3666 ἐξαιρεθήσεται
450 3584 570 3657 πάθος,
593 3581 620 3644 εὶ
641 3585 696 3645 καί
719 3586 810 3665 μέχρι
832 3589 886 3644 τοῦ
908 3584 1057 3662 παρόντος
1080 3579 1306 3663 ἀμακροθόμη-

86 3721 142 3776 σιν,
158 3699 228 3764 ἀλλ’
250 3698 304 3763 οὖν
326 3697 378 3764 ὅτι
395 3704 533 3783 γνησίως
556 3695 635 3783 ὑμᾶς
657 3699 719 3763 εἶδε
742 3703 796 3785 τήν
809 3699 945 3784 ίατρείαν
967 3699 1246 3781 παραδείομίνους,
1268 3709 1307 3782 τῇ

87 3826 177 3904 τίχνη
199 3819 374 3904 ίχμήσατο,
396 3825 451 3883 καί
473 3830 625 3902 μυστικῶς
647 3821 788 3902 λαλήσας
811 3818 844 3883 ἀν
859 3831 897 3903 τῇ
913 3819 1029 3901 καρδίη
1049 3813 1131 3900 ὑμῶν
1147 3822 1185 3880 τά
1201 3823 1308 3902 ψυχα-

86 3939 160 4025 ρελη
181 3942 236 4000 καί
258 3941 410 4023 σωτήρια,
438 3948 476 4022 τῇ
498 3937 660 4022 καθολικη
688 3936 843 4022 ἐκκλησία
877 3935 917 4008 ὥς
946 3939 1057 4018 γνησία
1089 3939 1179 4019 μητρί
1210 3955 1309 4018 προσ-

87 4054 208 4139 δραμεῖν
228 4057 472 4142 καθαδηγησιν,
489 4053 595 4138 ἐπειδὴ
611 4059 665 4117 καί
687 4057 803 4140 μητρός
826 4057 919 4131 λόγον
940 4049 1027 4138 ἡμεῖς
1049 4051 1211 4138 ἀπέχομεν,
1233 4055 1309 4134 πρός

88 4195 118 4236 τε
150 4171 229 4258 ὑμᾶς
261 4179 317 4238 καί
348 4177 466 4246 πάντας
499 4175 571 4246 τοὺς
606 4173 813 4256 βουλομίνυος
845 4173 1042 4256 χριστιανυός
1074 4176 1128 4235 καί
1155 4169 1312 4234 εἶναικαὶ

90 4290 312 4376 ἀναμάξασθαι,
333 4290 376 4365 ὥς
397 4297 453 4356 καί
475 4289 559 4376 ὑμεῖς
586 4289 720 4374 ἀκριβῶς
745 4291 826 4366 ίστε,
854 4295 909 4354 καί
935 4296 994 4375 γὰρ
1021 4289 1052 4363 ἐξ
1073 4287 1159 4374 ἡμῶν
1182 4293 1220 4350 τά
1243 4287 1310 4370 ἱερά

90 4421 140 4495 τῆς
162 4409 318 4495 εόσεβείας
340 4413 484 4494 δόγματα
506 4410 566 4475 ἀνά
587 4420 691 4474 πᾶσαν
713 4419 841 4494 ιροιτιόοι
867 4411 922 4493 τήν
945 4385 1142 4494 οίκουμίνην,
1170 4405 1202 4480 ἐξ
1222 4403 1310 4491 ἡμῶν

90 4530 121 4594 αἱ
140 4533 341 4600 διδασκαλίαι
363 4542 423 4595 τῶν
444 4533 541 4596 θείαν
562 4533 700 4611 πατίριον
734 4533 788 4592 καί
820 4539 879 4592 τῶν
914 4525 1009 4606 ἀγὶιον
1042 4529 1076 4590 δὲ
1110 4527 1254 4602 σανίδιον,
1277 4523 1311 4586 αί
