3262 5276
313 305 376 368 2⁷2

313 489 368 552 καί
401 491 544 574 μεγάλειν
576 490 628 552 τύν
653 485 777 570 ἄριστον
803 485 933 551 ίπαινεῑν
965 483 1191 570 αὐτοκράτορα,
1218 485 1278 572 οὐχ
1303 485 1416 572 ήκιττα
1441 489 1476 551 δ’
1508 488 1543 552 ίν

313 607 359 680 οίς
380 619 439 672 τῶν
461 613 517 692 μίν
537 611 690 691 προτίρυν
717 604 839 669 ίκτίνυν
866 605 1140 691 ἀπομνημονεύσας
1168 606 1279 692 ἱράνη,
1306 607 1429 692 εὶρήνην
1449 605 1484 670 δ’
1510 607 1548 680 Ie

311 727 381 792 ίτου
401 737 494 791 πᾶσιν
516 726 617 809 ίνειμε
639 725 768 810 δαψιλή·
792 723 874 788 ἀλλά
895 727 934 790 τά
962 729 1017 810 μίν
1044 722 1112 788 ἄλλ’
1141 723 1270 796 ίκείνοις
1295 727 1395 804 λίγειν
1421 727 1546 810 χρεὸν,

312 845 359 918 οίς
381 849 503 932 ρροντίς
528 853 587 908 τῶν
616 843 714 926 ίργυεν
741 847 783 907 τάΙ
804 846 957 908 κάλλιστα
983 845 1089 922 λύγοις
1116 841 1275 928 ίγκυιμίεεν
1301 843 1453 930 ίπαίρτιν,
1479 843 1545 928 ίμί

311 961 339 1026 δ’
362 962 504 1041 άγατύαι
525 973 583 1026 τῶν
608 960 710 1025 ἄλλον
740 958 800 1046 υύχ
820 959 911 1046 ἧττον
938 970 991 1025 τού
1017 971 1114 1046 σοροῦ
1143 964 1293 1044 βασιλίενς
1320 965 1374 1048 τήν
1401 965 1547 1039 σύνεσιν,

313 1079 358 1152 οἷς
378 1084 551 1166 προστάτην
572 1079 695 1166 ἄριστον
722 1090 776 1164 τής
798 1083 914 1166 μητρὸς
935 1090 993 1143 τῶν
1016 1059 1189 1166 ίκκλητιῶν
1211 1083 1265 1168 τήν
1288 1082 1344 1164 τήν
1366 1080 1544 1144 ἀναδίδοτ-

313 1219 368 1284 χεν
390 1197 554 1284 ἅγιότητα,
575 1198 613 1282 ἣν
635 1197 756 1262 ἄνευθεν
778 1203 834 1282 μίν
855 1196 875 1285 ἡ
898 1207 952 1262 τού
972 1205 1123 1277 πάναγίου
1144 1201 1317 1283 πνεύματος
1338 1203 1431 1284 χάρις
1459 1197 1546 1284 ἒτή-

311 1341 367 1402 ρει,
390 1315 480 1383 ίκτῑν’
503 1315 636 1402 ἀνήνυτα
656 1318 807 1392 καθάπαξ
827 1319 988 1394 δεικνύσα,
1015 1317 1036 1382 ά
1060 1319 1196 1401 πρύσύεν
1217 1321 1285 1400 πυρί
1311 1319 1424 1402 ταύτης
1453 1316 1545 1403 δρή-

311 1441 399 1523 ριῑυν
424 1434 595 1520 ύνδραπυτ,
626 1432 647 1520 ή
674 1432 702 1504 ,δ’
728 1433 761 1498 ίν
787 1439 870 1520 χειρί
893 1441 1002 1519 κυρίου
1026 1436 1142 1519 καρδία
1170 1443 1224 1500 τού
1251 1437 1415 1518 βασιλίιις,
1444 1437 1467 1500 ά
1499 1435 1550 1520 τᾷ

310 1558 450 1636 παναγίιρ
471 1557 541 1636 περί
562 1554 674 1636 ταύτης
696 1549 800 1616 ίδύιιει
819 1555 981 1636 πνεύματι,
1007 1561 1059 1617 νύν
1086 1555 1191 1625 καλῶς
1214 1552 1292 1632 ίγνυ
1313 1553 1413 1638 καλή
1433 1573 1546 1637 προσ-

310 1683 385 1757 ήκε,
417 1674 604 1738 κεκάθικεν·
637 1667 748 1737 υύκούν
778 1674 831 1736 τύν
864 1677 920 1756 μίν
951 1671 1075 1756 ἄριστον
1105 1669 1317 1756 αὐτοκράτορα
1348 1671 1546 1759 ἐπαινοῦμεν

310 1802 366 1878 της
398 1791 570 1872 εύβουλίας,
603 1795 658 1854 καί
690 1794 821 1875 χάριτας
853 1787 900 1855 ὅτι
926 1793 1074 1865 πλείστας
1099 1793 1140 1876 τῷ
1165 1791 1264 1875 ίνδίρ
1290 1793 1398 1856 τούτου
1423 1797 1547 1876 κράτει

309 1915 376 1994 περί
398 1912 511 1996 ταύτης
533 1907 761 1993 ὁμολογοῦμεν,
790 1911 886 1994 ταύτη
908 1912 944 1974 δί
966 1919 1021 1996 τής
1043 1915 1188 1994 μεγίστης
1210 1919 1298 1995 τιμής
1320 1911 1546 1995 σονηδίμεδα,

312 2030 582 2114 συμρύεγγύμενοί
604 2031 714 2090 τεκαὶ
736 2024 866 2100 τίπύντες
891 2031 946 2108 καί
967 2037 1198 2115 σομριενούντες
1220 2040 1282 2101 ποίς
1303 2027 1394 2112 ἱεροίς
1415 2027 1544 2113 ἄνδρά-

312 2169 357 2222 σι,
390 2157 453 2218 τοῖς
485 2157 605 2218 σεπτοῐς
637 2166 697 2228 μου
728 2147 893 2219 δεσπύταις
917 2151 973 2210 καί
999 2146 1157 2234 ἅδιλροίς,
1187 2145 1233 2218 οἷς
1257 2151 1326 2230 περί
1350 2149 1467 2232 ταύτης
1493 2148 1545 2233 τᾷ

309 2263 399 2346 καλῷ
420 2268 528 2342 γίγονε
550 2263 813 2346 συμρδίγξασδαι
835 2266 969 2346 βασιλεῖ·
992 2266 1088 2348 άγὰρ
1109 2269 1178 2348 περὶ
1193 2267 1305 2348 ταύτης
1327 2259 1419 2348 αύτῷ,
1434 2273 1542 2330 ταῦτα

311 2381 367 2445 καί
381 2383 498 2452 τούτοις
515 2377 535 2464 ή
556 2389 610 2444 τοῦ
631 2381 782 2458 παναγίυυ
799 2384 971 2466 πνεύματος
990 2381 1147 2454 ἐνίπνευσε
1162 2386 1261 2467 χάρις,
1277 2379 1349 2446 ούδί
1370 2386 1431 2466 γάρ
1450 2381 1540 2468 ίιήν,

312 2495 370 2562 οὐκ
392 2500 464 2585 ίνήν
486 2499 646 2586 διαρανιίν
669 2501 741 2572 τούς
762 2509 815 2564 τού
836 2501 1017 2584 πνεύματος,
1031 2505 1100 2584 περί
1120 2499 1162 2564 εἰν
1184 2502 1289 2565 ίδύκει
1310 2499 1351 2582 τῷ
1371 2502 1539 2584 πνεύματι,

314 2611 376 2700 ούχ
390 2613 449 2679 ύπύ
465 2620 516 2680 τάν
532 2619 640 2702 μύδιον
654 2619 848 2700 κρύαττσύαι
869 2621 920 2682 τύν
942 2619 1055 2702 λύχνον
1076 2616 1180 2683 ίδίτει
1202 2619 1245 2704 τῷ
1256 2621 1418 2702 πνεύματι,
1441 2627 1538 2685 τοῦτο

311 2733 468 2818 λελάληκα
491 2739 547 2818 μίν
569 2732 666 2820 ίν-τή
687 2744 741 2799 τού
764 2737 916 2816 βασιλίυς
937 2737 1067 2818 καρδία,
1093 2734 1252 2801 ίνίπνεοσε
1278 2737 1322 2800 δί·
1335 2747 1397 2808 τοῖς
1421 2721 1536 2800 α’ύτοῡ·

312 2851 377 2915 ἔδει
402 2851 429 2916 δ’
452 2850 506 2917 ύπί
532 2863 586 2938 τής
613 2855 740 2938 λυχνίας
766 2857 906 2938 τεδήναι,
931 2861 986 2918 καί
1008 2858 1158 2932 τίύειται,
1191 2853 1269 2919 ὅστε
1301 2860 1356 2926 τὰς
1389 2851 1536 2922 ἀκτίνων

311 2965 532 3057 καταρατίίτιν
554 2975 665 3057 ψυχάς.
689 2969 800 3036 υύκουν
828 2973 893 3056 εἴης
917 2976 1034 3044 πάντας
1058 2978 1291 3060 καταρτιτίῑον,
1317 2977 1536 3050 παναγιύπατε

312 3091 460 3167 δίσποτα,
487 3094 592 3170 λύγοις
614 3089 773 3175 εύσεβείας
801 3098 856 3156 καὶ
881 3093 1095 3177 δικαιοσύνης,
1121 3102 1224 3156 πᾶσαν
1246 3097 1302 3176 μίν
1323 3093 1444 3180 ραύλην
1467 3091 1535 3176 ίριν

312 3218 368 3292 τής
389 3217 443 3272 τού
465 3213 543 3273 θεοῦ
565 3209 736 3294 ἐκκλησίας
758 3209 953 3286 άποδιύκων,
976 3210 1123 3297 είλικρινή
1145 3209 1172 3273 δ’
1195 3209 1382 3287 ἀντεισάγειν
1409 3209 1535 3296 εἰρήνην

311 3333 365 3390 καί
388 3329 557 3411 άγιασμύν,
580 3324 621 3391 ὧν
643 3331 780 3412 χορηγός
808 3309 874 3391 ίστι
899 3329 991 3404 ύεύς,
1018 3329 1071 3393 διὰ
1093 3338 1146 3392 τοῦ
1172 3325 1266 3392 αύτού
1292 3325 1536 3415 ίγκελεοίμτνος

313 3443 403 3520 ἁγίου
425 3447 570 3528 μαύητού
596 3449 650 3508 καί
673 3443 861 3508 ἆποστύλοο·
888 3444 1033 3532 ,εἰρήνην
1055 3448 1182 3512 διώκετε
1213 3451 1269 3510 καί
1291 3449 1342 3509 τύν
1365 3445 1534 3531 ίγιαομύν,

313 3559 349 3624 ού
372 3566 465 3646 χωρίς
486 3558 587 3632 οὐδεὶς
608 3559 698 3646 δήετε
721 3565 772 3626 τὸν
794 3565 890 3626 δείν’
914 3567 944 3642 †.

608 3747 755 3812 CXXIII.
778 3749 1019 3831 (6856-1348)
1035 3749 1116 3812 maio
1130 3739 1194 3814 intlss
1209 3749 1232 3811 I.
1258 3821 1260 3824 ¹

679 3891 807 3970 Εμαοάκτ
820 3892 924 3946 dirimit
938 3896 1156 3950 αοαίνοοττείανα.

397 4034 502 4120 ’γΤής
522 4040 604 4100 κατὰ
625 4047 743 4120 πρῶτον
769 4041 868 4120 γάμον
891 4042 1035 4114 γυναικὸς
1057 4049 1111 4102 τοῦ
1136 4049 1377 4124 προτοκυνηγοδ
1396 4049 1452 4104 τού
1474 4039 1531 4105 Ἃ-

312 4157 425 4218 λύατου
447 4151 574 4229 ίκείνοο,
597 4163 651 4237 της
673 4158 828 4238 ύυγατρύς
850 4165 902 4218 τοῦ
918 4155 1066 4240 ἄρχοντος
1087 4166 1144 4239 κύρ
1162 4157 1349 4243 Νικηφόροο,
1373 4157 1421 4221 ίπὶ
1441 4162 1531 4226 παισί

313 4277 365 4336 τὸν
387 4273 453 4355 βίον
475 4270 693 4358 ἀπολιπούσης,
717 4273 782 4338 εἶτα
803 4279 857 4336 καί
879 4285 936 4337 τῶν
958 4275 1073 4338 παίδων
1095 4277 1350 4362 τελευτησάντων,
1366 4277 1395 4339 οί
1411 4275 1532 4360 ίκείντμ

314 4388 500 4477 αύτάδτλροι
522 4395 713 4477 (ρδάσαντες
735 4398 794 4473 γάρ
813 4378 845 4458 ὀί
868 4407 964 4473 γονεῖς
986 4399 1040 4458 καί
1061 4393 1148 4458 αύτοί
1169 4399 1203 4460 τύ
1219 4397 1317 4482 χρεύν
1333 4397 1531 4478 ίλτιτυύργη·

314 4516 385 4586 σαν)
407 4509 445 4574 δι’
468 4507 566 4594 ὄχλου
592 4505 658 4594 περὶ
685 4523 742 4575 τῶν
765 4523 819 4594 της
841 4518 967 4596 προικὸς
989 4519 1175 4597 πραγμάτων
1199 4514 1338 4594 ίγίνοντο
1361 4515 1403 4600 τῷ
1424 4515 1529 4600 ολκείφ
