3262 5276
344 241 407 305 304

345 429 400 488 καί
421 423 442 512 ή
461 430 546 508 παρὰ
567 436 625 488 τῶν
648 427 808 508 βαρβάρων
830 432 882 488 καίΙ
906 427 1024 510 ἀοιβόν
1047 427 1169 514 ἀχδρῦν
1183 436 1238 494 καί
1264 430 1367 496 ἀδόοιν
1384 432 1561 500 ἀπιλάυῦοα

345 546 467 629 χαλεπή
490 549 544 608 καί
571 547 691 630 μεγάλη
719 545 919 630 αὶχμαλεισία
944 551 998 611 καί
1024 547 1041 612 δ
1067 547 1239 636 ἀφανισμός
1261 557 1314 614 καί
1336 548 1355 637 ή
1378 555 1488 636 ρόορά
1509 557 1561 614 καί

342 663 362 749 ἡ
384 665 546 748 διασπορό,
568 664 605 749 ήν
628 660 741 750 ότίστη
763 669 818 729 καί
840 661 1002 752 ὑφίσταται
1021 665 1140 742 ἀύλίιις
1162 671 1196 733 τύ
1218 679 1277 733 τῶν
1299 681 1487 754 χριστιανῡν
1509 674 1560 748 γί-

343 806 407 860 νος,
433 787 500 868 περί
521 781 562 846 ὧν
584 782 653 847 τότε
676 782 800 848 ἀκούειν
826 787 968 862 δυνατόν,
994 785 1064 852 οότε
1086 788 1186 868 λίγιιν
1209 787 1365 872 ἀδακρυτί
1389 790 1442 852 διά
1466 798 1562 856 ταῦτα

340 905 513 985 Ιταριικαλιῦ
536 900 615 988 ὑμᾶς
636 908 691 967 καί
712 901 753 966 όκ
775 909 872 989 μίσης
899 915 954 991 τῆς
980 911 1081 992 ψυχης
1103 909 1294 992 παρακαλῦ,
1321 914 1415 973 τίκνα
1442 931 1506 994 μου
1532 908 1561 971 λε

341 1023 460 1106 Χριστῷ
482 1020 641 1106 ἀγαπητὰ,
666 1021 719 1086 ἵνα
741 1021 938 1108 λπιστρίήητι
961 1023 1095 1099 δκαστος
1110 1023 1201 1104 όγιῶς
1217 1030 1277 1090 Ικαί
1297 1031 1430 1110 γνησίας
1452 1032 1511 1092 καί
1532 1026 1562 1100 ie

340 1140 415 1225 ὅλης
437 1147 537 1227 ψυχῆς
559 1146 613 1204 καί
634 1142 773 1214 διανοίας
793 1146 868 1225 πρός
889 1147 965 1210 θεόν
987 1148 1039 1208 τόν
1062 1149 1153 1229 μόνον
1176 1149 1283 1218 σύίειν
1302 1147 1485 1230 δυνάμενον,
1507 1151 1561 1210 καί

340 1263 433 1346 όχητε
455 1265 512 1346 πρὸ
535 1259 705 1348 όφύαλμῦιν
727 1264 779 1326 τόν
800 1265 896 1348 φόβον
918 1260 1026 1342 αὐτοῦ,
1044 1269 1106 1336 1καί
1126 1270 1316 1352 τροσίχητε,
1342 1277 1407 1340 τός
1426 1287 1560 1352 αεριαα-

337 1393 413 1445 ιιῐτι
435 1381 490 1444 καὶ
512 1391 683 1465 σοντηριῖτε
704 1385 759 1444 καί
785 1383 957 1468 ρυλάσσιτε
984 1383 1111 1470 όιιυτούς
1137 1383 1326 1470 ἀκλονήτοος
1348 1384 1393 1458 τίς
1417 1357 1477 1471 τήν
1499 1407 1560 1450 τα-

336 1499 563 1582 τροταρόδοτον
585 1501 730 1580 καῦαράν
752 1497 991 1584 καίόρῦόδοίυν
1013 1497 1171 1584 εῦσόβειαν
1193 1505 1247 1565 καί
1267 1507 1365 1567 πίστιν
1387 1499 1486 1586 ύμῦιν,
1508 1509 1560 1566 καί

337 1619 501 1703 ἀπίχησδε
523 1619 666 1680 καθόλου
690 1615 749 1681 ἀπό
778 1628 831 1703 της
858 1618 1009 1702 ἐπιμιξίας
1033 1620 1091 1688 καί
1117 1621 1345 1706 συμφιλιιόσευς
1366 1625 1421 1686 καί
1442 1643 1558 1686 κοινα-

333 1744 404 1810 νίας.
421 1747 480 1801 τόν
501 1738 644 1800 τοιοῦτον
667 1739 875 1824 βυχορύῦρον
897 1739 1140 1828 καίλυρκιίνεεν,
1157 1743 1211 1803 καί
1226 1738 1321 1832 όχητι
1342 1745 1398 1804 καί
1418 1744 1477 1836 τήν
1494 1739 1559 1824 μετ’

321 1857 474 1942 ,ἀλλήλοιν
497 1854 655 1940 ἐπαινετήν
677 1855 798 1941 εἰρήνην
813 1861 868 1939 καί
883 1855 1014 1944 ἀγότην,
1037 1863 1224 1944 ’μεμνημίνοι
1245 1869 1299 1922 τοῦ
1315 1862 1462 1952 μεγάλουΙ
1477 1859 1558 1929 ἀπο-

333 1977 444 2040 στόλου
465 1975 590 2039 Παῦλου
613 1975 830 2046 διδάσκοντος·
853 1975 1018 2062 ,ἀδελφοί
1042 1977 1161 2062 εἰρήνην
1184 1957 1311 2044 διώκετε
1334 1983 1412 2068 μιτά
1432 1983 1557 2044 πόντιον

329 2100 384 2158 καί
407 2097 457 2158 τόν
480 2091 651 2176 ἁγιασμόν,
674 2089 709 2158 οό
732 2100 825 2180 χωρίς
847 2092 947 2172 ούδείς
973 2094 1063 2180 όψετε
1091 2100 1143 2160 τόν
1164 2099 1299 2184 κύριον.“
1321 2092 1376 2162 καί
1397 2103 1483 2170 κατὰ
1506 2101 1557 2162 τόν

329 2211 421 2280 αύτύν
449 2219 546 2298 μίγαν
575 2212 746 2278 ἀπόστολον
775 2213 995 2301 ότεκτιίνηζσόι
1021 2226 1083 2288 τοις
1112 2217 1287 2304 ίμπροσύιν
1314 2219 1423 2289 καλοῖς
1450 2217 1555 2302 όργοις

326 2332 384 2398 καί
408 2335 648 2416 κατορθώμασι,
674 2337 729 2394 καί
757 2311 938 2418 ἀνύυμηοόι
963 2337 998 2398 τό
1020 2333 1167 2420 ότίκηρον
1187 2339 1242 2398 καί
1269 2337 1369 2421 βραχύ
1390 2347 1446 2422 της
1466 2357 1549 2418 παρ-

327 2453 423 2536 ούσης
451 2455 545 2535 ίιιής,
577 2454 631 2522 τός
663 2473 695 2514 τε
724 2452 898 2534 μελλούσας
928 2450 1069 2524 αίιινίους
1098 2463 1157 2516 τῶν
1192 2452 1321 2530 ἀγαθῶν
1355 2455 1550 2539 κληρουχίας

327 2577 383 2632 τόν
405 2569 510 2646 καλῶς
531 2573 586 2632 καί
607 2572 785 2652 θεαρόστοις
807 2568 1159 2651 ἐνταῦθα’·βεβιοικότυν
1181 2575 1236 2635 καί
1251 2575 1307 2644 τὰς
1329 2569 1549 2658 ἀτελευτήτοος

326 2689 474 2760 κολάσεις
500 2699 559 2757 τῶν
586 2687 802 2773 ἀμετανοήτιος
830 2686 1079 2773 ἁμαρτανόντων,
1105 2688 1157 2754 ἵνα
1183 2691 1235 2754 διά
1260 2698 1317 2772 τής
1341 2691 1441 2774 κσλής
1464 2688 1547 2774 όμιῖιν

327 2806 523 2894 ἀναστρορής
545 2811 599 2870 καί
624 2809 781 2880 πολιτείας
805 2811 861 2871 καί
889 2804 1110 2890 ἀκτληρύσειος
1137 2817 1195 2870 τῶν
1220 2811 1316 2871 δεύειν
1333 2805 1470 2870 ’ίντολεὶν
1491 2809 1545 2870 δο-

325 2929 452 3011 ξόίηται
465 2929 507 3006 ,τό
528 2929 679 3003 πανάγιον
701 2923 800 3009 ὄνομα
819 2931 875 3008 τοῦ
897 2929 991 3001 θεοῦ,
1018 2923 1210 3010 λδιδάχύητε
1236 2926 1271 2988 δδ
1298 2924 1357 3016 καίΙ
1374 2923 1407 2988 όν
1429 2935 1468 3010 τῇ
1492 2930 1544 2988 τοῦ

325 3042 414 3122 ἀγίου
436 3047 647 3126 βαπτίσματος
674 3041 816 3130 ἀποταγη
842 3055 901 3108 τῶν
929 3053 1102 3108 σατανικῦν
1131 3043 1227 3128 όργιον
1252 3047 1308 3110 καί
1328 3053 1367 3128 τῇ
1388 3052 1442 3106 τοῦ
1465 3043 1542 3127 Χρι·

324 3173 397 3227 στοῦ
413 3174 558 3248 ,συνταγῇ
584 3167 623 3226 τύι
649 3161 821 3247 ἀρόσκοντα
848 3161 890 3247 τῷ
910 3165 977 3245 διιρ
1006 3167 1061 3227 καί
1086 3164 1140 3247 τήν
1166 3172 1225 3252 τῶν
1250 3172 1357 3232 κακῶν
1383 3159 1542 3246 ἀποφυγήν

324 3287 376 3348 καί
403 3280 615 3364 ἀλλοτρίωσιν.
642 3283 833 3368 φοβηθῶμεν
859 3286 972 3356 τοίνυν,
1000 3278 1167 3366 ἀγαπητοί,
1194 3285 1250 3344 καί
1275 3279 1437 3364 ἀποστήσει
1462 3279 1540 3344 όκα·

323 3424 393 3474 στος
410 3399 469 3466 ἀπό
488 3410 547 3463 τῶν
560 3409 711 3484 πονηριῶν
727 3395 820 3483 ύμύν,
837 3403 891 3462 καί
907 3401 949 3484 μή
970 3401 1199 3484 καταδιχίσῦιε
1222 3401 1457 3476 συνατιίγισύαι
1479 3409 1540 3470 τρίς

323 3530 374 3588 τοῦ
396 3521 544 3603 διαβόλου
571 3520 789 3601 θεραπευταῖς,
816 3516 898 3580 ἀλλά
925 3519 1121 3600 στυρδαίίτοι
1147 3520 1201 3602 τήν
1228 3517 1337 3582 ίαοτοῦ
1363 3518 1464 3600 ψυχήν
1487 3525 1541 3598 της

322 3639 443 3704 αἰωνίου
463 3639 676 3722 κατακρίσεως
696 3639 944 3719 περισύσασόαι,
971 3641 1140 3718 γόγραπται
1167 3641 1238 3722 γάρ,
1265 3633 1312 3699 ότι
1337 3639 1448 3706 πάντες
1468 3653 1537 3706 ,πα-

321 3762 546 3843 ραστησόμεθα
567 3758 609 3840 τῷ
632 3758 747 3841 βήματι
773 3762 826 3818 τοῦ
853 3755 1001 3838 Χριστοῦ,
1032 3753 1083 3818 ἰ’να
1107 3761 1277 3840 κομίσηται
1305 3752 1438 3825 δκαστος
1463 3758 1537 3836 πρός

321 3878 337 3940 δ
360 3877 496 3962 ίιιραξεν,
519 3875 579 3940 εἴτι
602 3873 736 3954 ἀγαθόν,
759 3875 819 3938 εἴτι
841 3877 984 3958 πονηρόν,
1008 3873 1072 3938 ἀπεί
1087 3880 1141 3938 καί
1163 3873 1196 3938 αἱ
1216 3877 1302 3936 κατά
1319 3875 1354 3935 τό
1375 3871 1536 3958 ύείον,ός

320 3997 449 4081 ιίρηται,
476 3997 632 4078 βάπτισμα
658 3997 813 4078 συνύήκαι
839 3996 894 4056 καί
919 3993 1228 4076 συνταγαί·μιγοίλαι
1252 3995 1306 4054 καί
1332 3989 1362 4054 οί
1388 3995 1535 4076 μαρτυρες

317 4115 427 4196 αἰδοῦς·
445 4113 545 4176 ἱκανοί
567 4111 709 4190 ἄγγελοι,
731 4117 788 4196 καί
808 4116 867 4194 γὰρ
889 4115 971 4174 κατὰ
993 4115 1043 4174 τόν
1066 4113 1174 4193 καιρόν
1197 4107 1312 4173 λκιῖνον
1333 4091 1391 4194 τῆν’
1417 4109 1533 4194 ὁμολο-

320 4242 386 4314 γίαν
408 4231 621 4319 ἐγγράφουσιν,
643 4231 680 4315 ἣν
701 4235 756 4294 καί
778 4230 992 4315 ἀπαραιτήτοις
1015 4227 1301 4314 ἀποιτηύησόμιάα
1323 4231 1356 4293 όν
1378 4240 1416 4314 τῇ
1439 4231 1533 4315 ροβε-

319 4353 355 4438 οᾷ
378 4357 532 4436 παρουσία
553 4358 606 4430 τοῦ
628 4357 734 4438 κυρίου
755 4354 810 4412 καί
832 4353 910 4412 βιοῦ
932 4353 986 4412 καί
1009 4355 1145 4432 σοιτήρος
1170 4343 1257 4432 ήμκῑιν
1278 4348 1379 4432 Ἰησοῦ
1402 4348 1531 4431 Χριστοῦ

318 4481 345 4536 ἐν
367 4484 404 4558 τή
426 4471 525 4558 ἡμόρη
548 4479 602 4552 τῆς
625 4470 797 4552 μελλούσης
821 4467 1063 4538 ἀνταποδόσειες.
1087 4471 1131 4538 τίς
1154 4464 1207 4530 οὖν
1230 4464 1265 4530 ού
1288 4471 1392 4550 τρίμει
1419 4465 1454 4527 τό
1476 4465 1530 4526 λι-
