3282 5270
1253 350 1315 412 ⁴67

104 523 253 609 ἀσφαλεῖς
285 527 449 610 θεμελίους
470 522 632 608 όποβαλιίν
653 547 686 590 τε
707 527 761 589 καὶ
782 524 957 613 ὑποστήσας
990 539 1028 614 τῇ
1061 527 1119 612 ὅλη
1152 531 1316 612 οίκοδυμία

103 651 157 725 της
171 642 300 728 άρετης,
324 644 357 706 ίν
378 665 410 706 τε
432 643 542 716 όλλαις
564 649 682 727 χρείαις
704 643 938 716 όλλοτεάλλαις
960 655 1013 730 τῆς
1036 657 1130 730 μονης
1151 644 1209 710 οῦκ
1231 647 1315 719 ἐντός

105 763 209 840 μόνον,
234 759 317 826 ἄλλα
337 765 391 824 καί
413 759 511 837 ἐκτός,
534 759 623 824 ότότε
645 763 759 846 καλοίη
773 766 888 845 καιρός,
913 761 1030 834 ἀόκνως
1051 760 1252 848 ὑπηρετήσας,
1275 763 1317 836 ιδς

102 882 160 938 καί
180 880 432 960 προκινδυνεῦσαι
463 880 627 955 πολλάκις,
660 884 714 942 καί
736 880 767 944 ίν
787 882 911 952 πολλοῖς
931 883 1062 952 πολλοῦς
1088 880 1233 964 λτρόγησε
1261 888 1315 946 καί

103 995 176 1064 τοῦς
198 1004 252 1078 τῆς
275 993 384 1078 ἀρετης
406 999 550 1078 καρτυός.
573 993 697 1079 ὕστερον
719 999 862 1068 δεδωκάς
883 1019 915 1059 τε
941 997 1048 1062 ίαυτόν
1071 997 1239 1075 ἀναγνῶσαι
1260 1009 1314 1082 της

105 1113 315 1174 θεοτνεῦστου
336 1121 455 1198 γραφῆς
475 1117 532 1176 καί
553 1113 597 1184 είς
617 1118 655 1176 τά
677 1115 788 1198 ταότης
810 1113 944 1197 ίγκῦψας
968 1118 1067 1198 βάθη,
1101 1113 1222 1178 όκείθεν
1242 1111 1319 1199 ἠρό-

105 1248 182 1290 σατο
204 1231 399 1310 ποτιμότατα
419 1233 475 1292 καί
495 1226 606 1310 ἥδιστα
626 1233 757 1312 νάματα,
780 1233 834 1292 καί
862 1235 937 1316 ρωτί
958 1241 1021 1314 φῦς
1041 1233 1213 1312 προσίλαβε
1235 1236 1314 1308 γνοί-

104 1366 193 1420 σεως,
220 1345 290 1415 τοῦς
311 1344 411 1427 ίεροῦς
432 1347 576 1428 βαθμοός
597 1351 678 1409 κατὰ
699 1351 780 1421 τάξιν
804 1345 936 1430 ἀμείψας
957 1351 1011 1410 καί
1034 1350 1151 1430 μετιὼν,
1183 1345 1225 1419 ὣς
1246 1369 1314 1430 κρι-

103 1463 173 1531 θείς
205 1460 289 1534 ἄξιος
321 1471 360 1546 τῇ
391 1466 540 1544 μετουσία
561 1473 615 1547 της
637 1463 748 1549 ἀρετῆς
768 1465 812 1546 τῷ
839 1463 1044 1546 ἀρχιερατικιῇ
1068 1460 1192 1547 όστερον
1224 1470 1316 1548 χαρί-

104 1599 198 1660 σματι
219 1580 398 1654 τελειοῦται,
413 1583 467 1642 καί
480 1576 559 1642 οότω
573 1585 627 1642 καί
641 1577 729 1653 οὗτος
752 1579 811 1644 ἀπὸ
833 1591 891 1652 τῶν
915 1582 1081 1644 όλσττόνων
1105 1579 1153 1643 ἐπὶ
1169 1585 1209 1644 τό
1223 1585 1317 1663 μείίω

101 1697 263 1776 προβαίνει
276 1701 331 1758 καί
346 1697 513 1779 τελεώτερα
530 1700 613 1759 κατὰ
626 1700 677 1758 τόν
693 1697 754 1759 ἄνω
769 1699 931 1774 τοῦλόγου
947 1699 1071 1773 σκοπόν,
1093 1701 1147 1760 καί
1161 1718 1316 1780 μητροπο-

103 1813 192 1896 λίτης
224 1816 414 1876 καθίσταται
440 1811 718 1896 Τραῦανουπόλίως,
740 1815 844 1884 καλῶς
876 1815 904 1876 δ’
937 1813 968 1875 όν
991 1811 1069 1898 αὐτῇ
1100 1816 1251 1896 ποιμάνας
1283 1817 1317 1876 τό

104 1927 200 1992 αότοό
221 1935 361 2012 ποίμνιον
382 1935 437 1992 καί
458 1927 499 2000 ὥς
521 1931 608 2014 ρίλον
629 1929 772 2012 θτῷκαί
793 1933 962 2014 διατρίψας
985 1932 1016 1994 ίν
1039 1930 1164 2006 ἅπασιν,
1192 1931 1315 2012 ίπιίπερ

102 2043 159 2106 όπδ
193 2053 248 2128 της
280 2055 338 2107 τόν
359 2049 544 2128 πραγμάτων
567 2045 743 2128 ἀνωμαλίας
768 2067 800 2110 τε
832 2053 887 2110 καί
920 2051 1095 2130 συγχύσεως
1127 2046 1232 2130 &iures
1261 2049 1315 2108 καί

97 2157 187 2242 αόπίγ·
206 2165 313 2237 γίγονε
329 2172 391 2232 τοῖς
405 2159 515 2232 ἆθόοις
531 2163 668 2246 ίχθροίς,
690 2138 743 2226 διά
760 2165 881 2246 πλῆθος
897 2163 1060 2248 ἁμαρτιῶν,
1082 2162 1119 2248 ἠν
1142 2165 1176 2227 δί
1193 2162 1314 2245 ἀνάγκη

100 2287 188 2339 πάσα
210 2279 262 2339 τόν
282 2283 412 2358 ποιμίνα
433 2281 487 2340 καί
507 2283 645 2361 ποίμνιον
668 2277 761 2360 ίχτιν·
785 2279 813 2342 εί
835 2281 869 2342 δί
895 2283 947 2364 μὴ,
969 2291 1032 2351 πῦς
1054 2279 1090 2342 όν
1113 2279 1239 2348 είκότως
1260 2280 1314 2340 καί

98 2395 213 2476 ποιμὴν
246 2392 443 2476 όνομάίοιτογ
474 2399 514 2458 τό
535 2399 594 2476 γάρ
620 2403 745 2458 τοιαῦτα
767 2393 840 2459 ὄντα
862 2407 919 2458 τιῦν
939 2400 1014 2478 πρός
1035 2418 1062 2458 τι
1084 2399 1312 2472 ουνεισάγοοσιν

101 2509 226 2594 ἄλληλα
247 2515 301 2572 καί
322 2520 511 2593 συναιροῦσιν
534 2511 670 2596 ἄλληλα,
697 2508 775 2574 οὕτω
793 2515 856 2593 γάρ
876 2517 996 2594 πατίρα
1020 2513 1159 2588 λίγοντες
1193 2531 1313 2574 συνεισ-

101 2630 218 2709 άγομεν
250 2632 305 2690 καί
328 2628 413 2702 οίόν,
438 2633 492 2690 καί
514 2629 701 2692 διδάσκαλον
723 2629 855 2700 εἰπόντες
878 2636 1107 2710 συνιπινυοῦρεν
1128 2628 1184 2690 καὶ
1205 2631 1313 2709 μαθη-

102 2745 165 2826 τὴν,
188 2749 243 2807 καί
264 2746 414 2828 δεσπότην
437 2744 474 2808 ἂν
496 2749 665 2830 ράσκοντες
685 2749 740 2807 καί
761 2746 870 2807 δοῦλον
899 2748 1139 2829 συνεισρίρομεν.
1166 2753 1313 2824 στερείται

101 2861 137 2922 δί
159 2859 214 2922 καί
235 2859 254 2944 ἡ
278 2861 354 2938 ἁγία
375 2861 528 2945 ἐκκλησία
549 2862 799 2944 Λακεδαιμονίοις
823 2869 873 2924 νῦν
901 2866 1027 2944 γνησίου
1049 2859 1214 2942 ἀρχιερίως
1236 2862 1313 2941 χρό·

102 2997 154 3037 νον
177 2976 281 3039 ἱκανόν
302 2977 374 3062 ἤδη·
396 2981 558 3048 νεύσαντος
580 2989 633 3040 τοῦ
654 2983 817 3060 κρατίστου
839 2982 893 3040 καί
916 2975 1004 3054 ἁγίου
1022 2973 1108 3059 ἡμῶν
1124 2973 1314 3057 αὐτοκράτο-

102 3115 166 3174 ρος,
191 3095 494 3175 σῦνδιασκεψαμίνων
517 3106 554 3176 τῇ
577 3092 662 3177 ἡμῶν
686 3099 856 3177 μετριότητι
878 3105 935 3157 τιῦν
951 3093 1017 3175 περὶ
1032 3091 1124 3176 αὐτὴν
1148 3093 1314 3174 ίερωτάτων

102 3208 268 3292 ἆρχιερίων
300 3214 353 3272 καί
376 3207 555 3294 ὑπερτίμων,
589 3220 642 3274 τοῦ
665 3211 865 3294 Καισαρείας,
899 3218 951 3271 τοῦ
974 3209 1111 3294 Ἐρίσου,
1145 3217 1197 3270 τοῦ
1219 3207 1312 3290 Ἦρα·

100 3328 220 3400 κλείας,
242 3337 295 3389 τοῦ
317 3325 462 3401 Κυζίκου,
486 3336 538 3389 τοῦ
561 3321 799 3410 Φιλαδελφείας,
818 3313 874 3388 τοῦ
897 3326 1044 3406 Νικαίας,
1071 3335 1123 3388 τοῦ
1146 3325 1313 3408 Χαλκηδό-

101 3463 163 3515 νος,
186 3453 239 3505 τοῦ
261 3443 539 3527 Ποντοηρακλείας,
562 3452 615 3505 τοῦ
636 3443 765 3525 Μάρων,
783 3453 836 3506 τοῦ
859 3443 981 3526 Βιζόης,
1015 3453 1067 3504 τοῦ
1090 3441 1238 3522 Βρῦσεως,
1261 3449 1314 3502 τοῦ

101 3558 255 3644 Ἀθηνῶν,
278 3569 331 3623 τοῦ
351 3559 571 3642 Ἀμοίστριδυς,
599 3570 652 3624 τοῦ
674 3560 800 3624 Ῥωσίου
822 3566 876 3622 καί
899 3569 951 3621 τοῦ
973 3558 1065 3632 Αἴνου
1086 3561 1140 3619 καί
1162 3565 1214 3619 τοῦ
1237 3553 1312 3619 όπο-

102 3674 217 3757 ψηρίου
238 3676 525 3758 Ἀδριανοοπόλεως,
560 3676 792 3760 ὁμονοησάντων
816 3674 1029 3738 ἁπάντωνκαὶ
1054 3673 1098 3744 είς
1120 3669 1211 3736 ταότό
1234 3679 1313 3748 γνῦ-

102 3813 164 3874 μης
186 3790 390 3874 ἐληλυθότων,
413 3797 562 3875 μετετέθη
586 3791 628 3864 είς
650 3795 703 3874 την
728 3792 898 3876 ἀγιωτάτην
914 3792 1096 3874 μητρόπολιν
1111 3791 1313 3872 Λακεδαιμο-

101 3913 178 3982 νίας,
213 3906 255 3978 ὡς
277 3907 314 3971 ἂν
337 3911 377 3992 μή
400 3919 539 3973 τοσοῦτοι
562 3913 771 3994 ίημιωθῦσιν,
804 3909 928 3990 ὅσοιπερ
951 3908 986 3970 ἂν
1021 3909 1103 3988 εἶχον
1135 3905 1312 3972 ἀπόνασθαι

102 4033 160 4086 τῶν
184 4019 277 4086 αιίτοῦ
298 4025 443 4107 διδαχιῦν,
466 4027 610 4108 καθάπερ
632 4025 669 4088 ἂν
691 4028 718 4089 τί
743 4037 800 4108 πῦρ
829 4019 966 4108 μεγάλης
987 4023 1063 4106 όλης
1085 4023 1312 4104 ἐπιλαβόμενον,

101 4144 157 4201 καί
178 4141 387 4222 διαθερμάναι
409 4147 462 4203 καί
483 4143 658 4224 διαθάλψαι
678 4145 811 4214 πολλοῦς
834 4143 937 4205 ἱκανόν
960 4137 1008 4216 ὂν,
1042 4139 1107 4202 είτοι
1140 4139 1312 4220 ἀπείργοιτο

100 4263 156 4320 καί
179 4259 220 4340 μὴ
244 4255 318 4339 ίιρτο
339 4262 464 4331 πάντας,
487 4256 618 4334 όπόσοος
640 4257 677 4321 ἂν
692 4262 890 4332 καί-δύναιτο,
907 4256 973 4319 ἀλλ’
990 4253 1111 4330 όλίγους
1126 4257 1310 4334 διαθερμαί-

101 4393 175 4434 νιιν·
208 4374 336 4445 καθέξει
363 4378 460 4435 τοίνυν
492 4371 509 4436 ό
542 4375 703 4456 ἱερώτατος
737 4376 957 4458 μητροπολίτης
981 4371 1032 4433 ὅδε
1055 4369 1310 4450 Λακεδαιμονίας,

102 4485 274 4572 ιἰπίρτιμος,
307 4491 360 4572 την
383 4487 552 4574 ἁγιωτάτην
586 4493 767 4573 μητρόπολιν
790 4490 1047 4570 Λακεδαιμονίοις,
1071 4487 1234 4618 ἀπρλαόων
1261 4491 1314 4545 τοῦ

1061 4591 1096 4639 30
