3258 5278
314 298 375 372 1⁴8

310 489 388 574 τᾷδε
413 492 623 572 προστάγματι
645 484 741 572 κοίη
764 491 923 572 μετριότης
948 491 1039 573 ημῶν.
1061 486 1227 560 σονοδικῶς
1251 492 1424 572 πόπραχτν,
1453 485 1538 551 όπο-

310 611 438 671 κείσόαι
460 617 497 691 τῇ
519 617 577 669 τεόν
599 604 717 688 Στρρων
744 607 798 690 την
826 615 878 690 της
905 606 1103 678 Νικοπόλεως
1130 607 1173 678 εἰς
1199 609 1268 678 τοιλς
1295 606 1364 691 όεης
1391 605 1538 677 ἅπαντας

311 731 366 789 καί
387 726 536 809 διηνεκεῖς
558 729 700 809 χρόνοις,
724 723 789 787 ἰπεί
811 729 870 806 γάρ
892 725 1023 806 διόκρινε
1045 731 1099 789 καί
1121 725 1266 789 ἰδόσπισε
1288 730 1342 788 καί
1364 726 1538 808 διωρίσατο

310 854 401 908 τοῦτο
423 843 440 908 ό
462 848 625 928 κράτιστος
647 847 701 907 καί
723 841 812 919 ἅγιός
835 865 893 926 μοο
916 839 1125 927 αὐτοκράτωρ,
1153 841 1194 916 ὣς
1224 843 1363 918 όξοοσίαν
1387 844 1473 927 ἔχων
1498 843 1539 908 λκ

311 967 388 1026 θεοῦ
411 971 463 1026 τοῦ
486 965 684 1044 προστιδόναι
706 966 760 1024 καί
783 960 933 1045 ἀφαιρεῖν,
957 961 1036 1025 ἔνθα
1063 971 1151 1025 τοῦτο
1178 963 1341 1026 λοσιτελείν
1367 961 1447 1037 οἶδε,
1473 969 1534 1024 καί

312 1079 381 1146 ἄνθ’
409 1079 447 1166 ἧς
473 1081 538 1164 εἶχε
566 1086 709 1164 πρότερον
736 1075 756 1163 ἡ
782 1090 840 1142 τῶν
869 1080 985 1163 Στρριδν
1010 1081 1128 1144 δόδωκε
1161 1082 1214 1164 τὴν
1241 1091 1293 1164 τῆς
1318 1081 1537 1155 Νικοπόλεως,

311 1202 399 1265 ἔσται
420 1197 488 1264 κατ’
511 1197 631 1284 ἰκτίνην
654 1195 732 1282 αότη
755 1195 939 1283 όποκιιμίνη
961 1201 1110 1284 διηνεκῶς
1125 1210 1163 1282 ιη
1183 1210 1241 1262 τῶν
1257 1199 1373 1282 Στρριίιν
1395 1197 1438 1270 ὣς
1464 1199 1538 1262 ἰδία

312 1317 464 1401 ἰπισκοπη
487 1321 615 1402 ταύτης,
642 1322 697 1382 καί
724 1315 768 1380 ἔπ’
793 1316 898 1388 ἀδείας
923 1317 985 1390 ἕξει
1006 1316 1023 1382 ό
1049 1327 1100 1381 νόν
1122 1317 1283 1400 ἱερώτατος
1306 1319 1537 1402 μητροπολίτης

312 1435 431 1519 Σερρῶν
453 1440 507 1498 καί
530 1435 559 1498 οἱ
581 1434 646 1518 μετ’
659 1431 760 1510 αἰτόν,
784 1433 957 1509 ἰπίσκοπον,
981 1434 1055 1500 ἰπόν
1077 1437 1190 1520 δτηση,
1214 1434 1260 1498 λπ’
1282 1433 1359 1518 αότη
1381 1456 1533 1519 χειροτο-

310 1565 413 1639 εησαι,
443 1552 609 1637 ἀρκεῖσθαι
637 1561 690 1616 τοῦ
717 1553 876 1618 Φιλίππων
903 1552 1079 1640 όρείλοντος
1104 1565 1169 1626 ταίς
1197 1551 1373 1624 ὑπολοίποις
1399 1552 1534 1617 ἰπισκο-

309 1683 379 1742 παίς
400 1681 454 1756 τῆς
477 1670 523 1735 ὑπ’
546 1669 638 1734 αότόν
660 1670 841 1754 ἰκκλησίας,
868 1671 999 1748 εἰδότος,
1022 1669 1063 1743 ίος
1086 1672 1261 1751 βασιλεῦσιν
1284 1672 1409 1748 ἔξεστιν,
1432 1668 1534 1754 ἁπερ-

311 1796 403 1873 τόριες
417 1789 437 1875 ἤ
452 1794 533 1852 κατὰ
549 1793 660 1872 νόροος
683 1787 853 1872 οἰκονομεῖν
876 1794 914 1852 τὰ
934 1792 1111 1872 πράγματα,
1133 1793 1187 1852 καί
1209 1788 1275 1874 ἅμα
1288 1789 1422 1854 ἰπεσδαι
1438 1788 1531 1874 ὀτρεί-

310 1911 416 1979 λοντος
438 1913 491 1970 καί
513 1907 736 1991 ὁμογνωμονεῖν
758 1919 822 1980 ταίς
845 1909 1017 1979 σονσδικαῐς
1044 1909 1242 1986 διαγνώσεοι,
1271 1919 1332 1979 τοίς
1354 1908 1444 1992 ἱεροῖς
1465 1930 1533 1970 κα-

310 2031 393 2089 νόσιν
415 2022 558 2109 οὐδαμῶς
581 2024 762 2096 ἀπεναντίας
787 2025 920 2101 ἰοόσαις,
948 2025 1052 2110 ἰπειδή
1079 2031 1132 2090 καί
1157 2029 1258 2090 πολλὰ
1284 2035 1410 2090 τοιαῦτα
1438 2026 1533 2090 οἰκο-

311 2149 421 2227 νομίας
442 2147 542 2228 τρόπῳ
564 2149 645 2208 κατὰ
668 2146 793 2228 καιροὺς
814 2150 985 2228 πέπρακται
1006 2150 1061 2208 καί
1074 2151 1159 2227 παρὰ
1174 2157 1232 2208 των
1253 2150 1310 2230 πρό
1332 2144 1427 2231 ἡμῶν.
1449 2168 1533 2230 προ·

311 2265 367 2347 όβη
389 2264 424 2326 δί
446 2266 485 2326 τό
506 2271 560 2346 τῆς
581 2265 717 2346 πράξεως
739 2267 859 2348 ποιότης,
881 2270 948 2346 πρίν
971 2263 1008 2326 ἂν
1030 2268 1084 2326 καί
1106 2263 1302 2348 ἐπικηροχδη
1323 2277 1361 2348 τῇ
1383 2276 1442 2328 τῶν
1464 2265 1532 2330 Φι-

309 2381 433 2454 λίππων,
457 2379 498 2451 όις
520 2381 601 2462 δῆλα
622 2384 676 2442 καί
697 2375 775 2464 αὐτη
797 2388 864 2442 τότε
887 2385 1047 2458 γενόσόοιι·
1076 2383 1127 2444 διίι
1150 2383 1188 2466 δὴ
1211 2393 1306 2445 ταῦτα
1328 2387 1382 2446 καί
1405 2382 1532 2466 ἀπαρα-

307 2503 423 2582 ποίητα
445 2505 580 2581 στόργειν
603 2497 719 2584 ότρείλει
741 2503 779 2561 τὰ
799 2503 866 2582 περί
888 2503 1009 2576 τοότοο,
1037 2499 1078 2571 ὣς
1100 2506 1152 2564 καί
1175 2507 1208 2564 τό
1232 2505 1340 2564 σεπτόν
1363 2504 1532 2585 διορίζεται

204 2655 208 2662 -
308 2619 499 2699 πρόσταγμα.
524 2625 619 2678 ταῦτα
640 2618 898 2700 παρεκβληόόντα
921 2616 980 2680 ἀπό
1003 2628 1060 2680 τόν
1082 2616 1256 2703 ἡμερησίων
1278 2622 1445 2683 σονοδικῶν
1465 2641 1530 2682 πα-

304 2737 547 2816 ρασημειτόσεων
570 2738 682 2818 κοίτη
705 2730 942 2820 ὁπογραφηκαί
969 2739 1112 2820 σφραγῖδι
1138 2747 1191 2800 τοῦ
1217 2743 1399 2822 τιμιωτάτου
1426 2743 1528 2822 μεγά-

302 2853 365 2938 λοο
387 2853 620 2936 χαρτορόλακος
641 2857 834 2916 πιστωθόντα
863 2853 1035 2918 ἰπιόὲόοται
1062 2862 1132 2940 μηνί
1158 2862 1212 2920 καί
1236 2857 1294 2922 ὶνδ.
1320 2869 1382 2930 τοῖς
1412 2857 1530 2934 ἀναγε-

309 2974 499 3052 γραμμένοις·
519 2969 605 3042 ἔτοος
626 2982 685 3056 ,ςον
711 2987 767 3033 ωον
793 2973 812 3034 λ
835 2973 858 3044 ζ’
879 2977 907 3051 †.

578 3156 718 3220 valn.
742 3159 982 3234 (6837-1329)
997 3158 1086 3244 aprili
1103 3159 1166 3222 ind.
1181 3161 1254 3224 XII.

482 3296 638 3365 Imperator
648 3301 797 3368 ‚confirmat
816 3302 1019 3368 μιαιοεόσκίεω
1037 3305 1169 3354 σπάσσατο
1188 3303 1354 3372 πμιιοάοίεικ.

393 3437 615 3524 γἛτερον
647 3445 776 3506 θεῖον
808 3451 883 3506 καί
915 3450 1229 3530 προσκονητόν
1259 3450 1528 3530 πρόσταγμα

308 3557 555 3643 ἰπικοροόν
587 3563 661 3643 την
694 3565 909 3646 τοιοότην
940 3567 1101 3645 πρᾶξιν
1134 3569 1163 3642 †.

392 3681 412 3755 †
434 3677 526 3748 Ἐπεί,
550 3675 590 3748 ὣς
613 3677 736 3762 ἐτάχθη
760 3679 804 3748 εἰς
827 3683 1010 3763 μητρόπολιν
1025 3683 1076 3743 διὰ
1098 3687 1334 3764 προστάγματος
1356 3691 1411 3766 τῆς
1433 3683 1527 3762 βασι-

307 3797 394 3866 λείας
419 3817 477 3878 μοι)
498 3819 518 3880 η
542 3794 698 3880 οἰγιωτάτη
721 3795 874 3881 ἐκκλησία
895 3798 1026 3882 Ζιχνιῑιν,
1054 3799 1120 3885 ἥτις
1141 3800 1179 3884 ην
1201 3805 1349 3884 πρότερον
1372 3801 1526 3886 ἰπισκοπή

211 3980 213 3984 ,
309 3921 362 3994 της
385 3911 556 3997 ἁγιωτάτης
580 3917 793 3998 μητροπόλεως
809 3915 938 3998 Σερρῶν,
956 3917 1094 4002 ἔταξενη
1113 3921 1256 3998 βασιλεία
1278 3940 1336 4000 μοο
1358 3920 1411 3981 διό
1425 3939 1525 4002 προσ-

306 4033 461 4112 τάγματος
490 4030 602 4115 ὁμοίως
632 4029 738 4116 αὐτῆς,
766 4037 820 4094 καί
844 4031 895 4096 ἵνα
920 4031 1097 4118 εὑρίσκηται
1124 4034 1170 4098 όπ’
1198 4032 1291 4120 πότην
1312 4039 1367 4120 την
1388 4035 1526 4113 ἁγιωτά-

307 4168 359 4230 την
383 4149 568 4230 μητρόπολιν
592 4149 708 4232 Σερριόν
738 4150 887 4234 ἰπισκοπη
915 4151 974 4214 ἀπό
1001 4163 1059 4214 τῶν
1087 4151 1292 4237 όποκειμόνων
1317 4159 1461 4238 πρότερον
1484 4157 1523 4232 τῇ

306 4263 460 4346 άγιωτάτη
484 4267 669 4349 μητροπόλει
692 4267 859 4343 Φιλίππων,
882 4265 902 4352 ἡ
928 4267 1106 4346 Νικόπολπ,
1134 4277 1327 4356 χηρεοοόσητ
1352 4273 1529 4350 τηνικαῦτα.

306 4381 471 4464 ἀρχιερέως
497 4393 552 4464 της
579 4379 671 4464 αὐτῆς
700 4385 914 4467 μητροπόλεως
936 4387 1105 4462 Φιλίππων,
1128 4393 1182 4448 καί
1203 4387 1324 4463 ἐγίνετο
1351 4383 1399 4448 ἰπί
1427 4385 1523 4464 τοότιρ

306 4505 358 4561 καὶ
382 4487 524 4582 σονοδικὴ
546 4503 651 4583 πρᾶξις
678 4501 831 4586 ἔγγραφος
859 4507 912 4566 καί
939 4505 1102 4581 διάγνωσις
1130 4513 1182 4568 τοῦ
1207 4505 1439 4580 παναγιωτότοο
1461 4513 1520 4584 μου
