3258 5278
1264 281 1325 344 15³

99 463 230 546 γράρῶς
251 465 308 523 καί
330 459 473 544 ίνόρκιες,
497 459 665 545 ένέχεσθαι
680 465 718 525 τά
734 469 788 546 ιής
808 467 984 544 πιριουσίας
1006 459 1100 527 αὐτοῦ
1121 463 1166 534 εἰς
1187 465 1242 547 τήν
1255 463 1323 526 λοι·

97 580 190 642 πάδα
211 588 267 663 της
288 582 430 663 προικός,
453 577 481 641 εἰ
509 577 640 663 ένόρκιες
666 583 849 643 πιστῶσεται
876 578 893 644 ὁ
919 581 1114 662 δομέστικος,
1142 579 1189 644 δτι
1210 581 1248 664 δή
1270 585 1325 642 καί

98 694 123 782 ή
145 695 343 782 ιἰπυληπτική
368 696 520 771 ἀπόδειξις
541 693 596 762 τοῦ
611 697 776 761 Παδυάτου
797 695 877 774 ἰστί,
899 702 953 760 καί
975 701 1009 761 τό
1033 709 1086 782 της
1102 698 1256 768 ἐκδόσεως
1271 706 1326 762 τοῦ

99 820 263 902 κτήματος
285 821 414 902 γράμμα
441 815 560 881 ἰκείνυυ
586 816 659 883 ἰστί.
686 819 843 901 προβαίνει
869 822 925 901 μέν
949 821 1033 900 παρά
1060 828 1113 882 τοῦ
1139 819 1325 902 δομτσιίκου

100 941 157 1000 καί
179 945 270 1000 τοῦτο
293 936 337 1008 εἰς
359 937 461 1012 τέλος,
482 941 637 1020 παρόντων
659 943 713 1001 καί
736 935 939 1020 ἀκροωμένων
961 945 1015 999 τοῦ
1038 934 1131 1020 ὅρκου
1151 941 1204 1000 καί
1231 933 1324 1000 αιίτοῶ

102 1056 142 1138 δή
167 1064 220 1118 τοῦ
242 1053 390 1135 Λάσκαρι
411 1057 466 1117 καί
486 1063 540 1118 τοί
562 1053 607 1117 ἰπ’
630 1055 749 1140 ιίδελρή
772 1057 911 1138 γαμβροῦ
940 1051 1033 1118 αἰτοῦ
1055 1064 1108 1118 τοὺ
1131 1051 1325 1138 Σγουροποό-

104 1173 177 1246 λου,
204 1172 399 1256 ἰσχυρίζεται
425 1172 459 1235 δί
488 1173 534 1236 έτι
560 1171 577 1238 ὁ
601 1172 777 1256 Λάσκαρις,
804 1175 899 1247 δείξαι
924 1179 978 1237 καί
1004 1183 1213 1258 παραστῆσαι,
1241 1171 1326 1244 ιἰςό

105 1289 301 1376 αι’στάδελρας
323 1287 428 1366 αιἰτοῦ,
455 1290 472 1356 δ
499 1301 553 1356 τοῦ
575 1294 759 1374 δομιστίκου
789 1294 941 1375 γαμβρός,
973 1291 1139 1376 ἐνεχιίρασσ
1166 1297 1204 1355 τά
1230 1293 1326 1354 πλείω

103 1419 160 1493 τῆς
179 1413 324 1493 πρυικδς,
351 1407 388 1474 οὗ
415 1412 454 1495 δή
479 1415 534 1474 καί
559 1407 653 1475 αὐτοῦ
678 1409 896 1484 ὶξετασθέντυς
923 1409 1048 1496 εὕρηται
1077 1411 1135 1474 ἀπό
1163 1416 1328 1494 μαρτυρίας

104 1538 166 1590 τῶν
189 1531 386 1612 κατεχόντων
413 1525 506 1605 αὐτὰ,
532 1526 575 1601 ὃς
600 1533 683 1612 παρὰ
709 1532 901 1612 τοῦπατρὸς
934 1527 1033 1592 αὐτῶν
1060 1527 1324 1612 λνεχοράσθησαν,

103 1643 147 1718 ὃς
169 1651 225 1710 καί
246 1649 282 1710 τό
304 1649 414 1712 τούτου
436 1651 526 1732 χάριν
547 1649 663 1730 προβὰν
690 1651 818 1732 γράμμα
843 1658 901 1710 τῶν
927 1649 1081 1712 δικαστῶν
1107 1629 1273 1722 δείκνυσιν,
1296 1645 1324 1710 εἰ

104 1767 147 1850 μή
171 1769 265 1849 μόνον
287 1763 508 1848 έπιβαλταρίιιν
530 1766 599 1841 δύο,
620 1767 799 1850 χειλισντίυυ
821 1764 888 1838 ένός
910 1771 963 1829 καί
984 1769 1103 1837 κοίτας
1125 1775 1206 1849 μιᾶς.
1231 1774 1328 1828 ταῦτα

102 1887 160 1946 καί
180 1887 275 1967 μόνον
298 1881 472 1968 εὑρέθησαν
492 1887 575 1966 παρὰ
598 1893 636 1968 τῇ
662 1886 792 1966 θυγατρί
816 1892 870 1948 τοί
899 1884 1082 1966 δομεστίκου
1109 1889 1163 1946 καί
1190 1892 1244 1946 τοῦ
1271 1882 1327 1946 ιἰν·

104 2002 179 2085 δρὸς
205 1997 310 2086 αὐτῆς.
348 1999 442 2085 έχρήν
475 2005 531 2085 μέν
562 1999 614 2066 οὖν
642 1998 733 2066 αι’ντόν
759 2002 798 2085 δή
825 2004 877 2064 τόν
903 1999 1064 2085 Λάσκαριν
1089 1999 1247 2086 ήσυχάοαι
1273 2009 1327 2062 τοῦ

106 2122 219 2183 λοιποῦ
246 2124 301 2183 καί
327 2125 439 2205 μηκέτι
460 2117 498 2184 δι’
521 2117 619 2204 όχλου
640 2122 789 2198 γενέσθαι
809 2124 877 2203 πιρί
898 2129 952 2182 τοῦ
973 2123 1145 2204 κτήματος,
1175 2121 1328 2203 διαρόρειν

105 2237 154 2304 δι’
176 2234 259 2322 αδτῷ
279 2243 409 2322 κρίσεων
431 2249 604 2316 γεγονυιῶν,
626 2235 668 2311 ὥς
690 2237 817 2322 εἴρηται,
840 2241 894 2300 καί
915 2235 963 2300 ἐπί
984 2242 1098 2308 πάσαις
1119 2237 1325 2321 ἀπτλεγχθιίς
1430 2325 1431 2328 ¹

106 2363 207 2444 μάτην
228 2362 283 2422 καί
304 2354 350 2420 λα’
372 2352 473 2420 οὐδενί
493 2358 604 2440 δικαίην
624 2361 693 2441 περί
719 2353 813 2420 αὐτοῦ
835 2355 984 2440 ἐνοχλῶν·
1009 2355 1025 2420 ὁ
1052 2355 1088 2433 δ’,
1113 2354 1214 2438 ὥσπερ
1235 2357 1325 2441 φιλο-

105 2487 232 2553 νεικῶν,
259 2479 359 2542 κακόν
387 2474 435 2539 ἰαί
458 2475 549 2558 κακῷ
574 2481 723 2539 τεκταίνιι
747 2479 916 2560 πρόσχημα
941 2479 1010 2546 θεὶς
1036 2474 1157 2558 εἰρήνης
1179 2485 1233 2560 της
1254 2477 1328 2558 πρός

106 2598 160 2658 τάν
183 2592 317 2678 ἀδελφόν
339 2597 394 2656 καί
415 2591 523 2677 ἱκανῆς
544 2591 613 2678 παρ’
636 2590 730 2656 αὐτοῦ
751 2597 851 2677 τυχῶν
866 2595 1087 2676 κυβερνήσεως,
1110 2605 1219 2664 κακοις
1235 2589 1328 2656 αὐτόν

107 2711 270 2795 ἀμείβεται
302 2711 417 2774 ταῖσδε·
441 2706 619 2796 ’δραιριῐται
649 2711 719 2782 συός
748 2709 858 2782 ἵππους
886 2707 980 2774 αὐτοῦ
1010 2715 1064 2772 καί
1092 2709 1134 2781 τίς
1161 2711 1214 2793 τήν
1236 2708 1326 2774 Καν-

106 2830 353 2895 σταντινυθπυλιν
375 2827 516 2892 άνελθείν
538 2832 592 2892 καί
612 2832 695 2912 παρὰ
716 2838 769 2892 τυυ
792 2829 977 2912 δυμεστίκου
998 2850 1031 2891 τε
1053 2829 1107 2912 τήν
1129 2829 1248 2911 κλοπήν
1269 2837 1329 2890 τῶν

105 2946 203 3010 ἵππιον
224 2945 421 3024 δνειδισθείς,
444 2943 633 3030 ὑπισχνεῖται
655 2949 729 3031 πρὸς
752 2944 868 3009 ἐκεῖνον
889 2947 981 3009 πάλιν
1004 2943 1160 3030 ἐπανήξειν
1182 2946 1328 3015 καὶτοὺς

104 3063 214 3136 ἵππους
242 3042 427 3140 ἀναστήσειν,
450 3062 467 3128 δ
489 3087 522 3128 τε
547 3069 602 3128 καί
623 3065 830 3150 αἰτησαμένου
853 3069 978 3148 γράμμα
1006 3087 1035 3126 τι
1057 3067 1177 3139 τυότυυ,
1203 3067 1256 3125 καί
1282 3073 1320 3147 τῇ

105 3182 182 3246 καθ’
205 3183 278 3248 όδόν
301 3181 395 3266 ἰίόδιρ
419 3181 656 3270 έροδιασθήναι,
679 3181 831 3266 ὁπίρπυρα
854 3186 950 3266 τούτῳ
965 3187 1052 3246 πέντε
1066 3187 1121 3246 καί
1134 3183 1235 3266 γραφή
1249 3183 1323 3264 πρός

106 3300 224 3364 ἰκτῖνον
250 3292 380 3366 δίδοται.
408 3300 425 3366 δ
451 3303 487 3364 δέ
511 3307 586 3384 πρὸς
614 3305 684 3375 τούς
710 3304 764 3386 τήν
789 3301 989 3383 Μπσκυβίκον
1016 3301 1176 3372 οἰκοῦντας
1204 3299 1337 3381 ἀσεβεῖς4

106 3418 252 3484 ἀπελθὸν
281 3425 336 3484 καί
366 3419 490 3491 ἱκανοὺς
521 3419 553 3494 ἰξ
582 3419 680 3486 αὐτῶν
712 3418 920 3502 ὡπλισμένους
951 3421 1053 3500 λαβιθν
1083 3423 1137 3480 καί
1163 3422 1245 3480 κατὰ
1271 3424 1325 3479 συθ

106 3538 240 3626 άδελροϋ
267 3542 407 3624 κινηθείς
434 3537 465 3601 ἐν
491 3539 533 3623 τῷ
560 3539 709 3624 εἰρημένῳ
740 3543 875 3624 κτήματι
901 3547 1069 3622 τηνικαῦτα
1095 3534 1323 3619 εὑρισκομένου,

104 3659 212 3743 αἴφνης
234 3657 412 3742 έπεμπίπτει
433 3660 529 3740 τυότιρ
551 3662 609 3722 καί
626 3663 746 3744 ρυνεόει
767 3657 823 3722 ένα
846 3662 913 3720 τινόι
939 3667 997 3719 τῶν
1027 3655 1195 3738 ἀνθρώπων
1219 3651 1322 3729 αδτσῶ,

106 3775 233 3860 δνόματι
260 3777 458 3852 Καλόθετυν,
487 3774 562 3840 αὐτὸ
589 3787 678 3840 τοῦτο
705 3782 837 3840 καὶτοῦ
864 3775 999 3860 ἀδελφοί
1025 3777 1108 3856 παρὰ
1135 3776 1243 3857 μικρὸν
1271 3772 1325 3836 έλ·

106 3899 216 3968 θόντυς
237 3898 362 3972 παθεῖν,
390 3897 563 3979 διαρπάσας
585 3905 753 3978 τηνικαῦτα
778 3899 834 3958 καί
860 3895 914 3977 τήν
941 3895 1189 3975 καθαιρεθεῖσαν
1216 3911 1325 3976 γεννη-

109 4015 239 4098 ματικήν
266 4013 478 4090 εἰσοδον,’καί
500 4017 552 4078 τόν
575 4013 655 4077 οἶνον
679 4013 724 4076 έτι
745 4015 780 4076 δὲ
803 4017 858 4074 καί
880 4016 919 4074 τὰ
939 4015 1093 4094 προσόντα
1114 4023 1175 4084 τοῖς
1191 4009 1327 4080 ἰποίιιοις

106 4142 156 4196 τοῦ
178 4135 318 4196 τοιοότου
339 4137 509 4216 κτήματος,
537 4132 582 4218 ἔφ’
606 4132 651 4204 σός
673 4137 727 4195 καί
755 4129 802 4194 ἐπὶ
828 4112 921 4194 πλέον
949 4129 1251 4212 ἀπαναιδευσάμενυς
1273 4130 1328 4190 καί

108 4251 372 4338 ἂπαναισχυντῶν,
393 4258 533 4337 πρόσεισι
554 4264 616 4324 τοῖς
638 4253 823 4322 καθολικῶς
850 4261 908 4314 τῶν
929 4247 1086 4332 Ῥωμαίων
1114 4258 1245 4330 κριταῖς,
1271 4250 1327 4309 καί

108 4380 203 4453 κρίσιν
225 4374 318 4436 πάλιν
342 4369 501 4445 ἰξαιτεῑται
541 4370 586 4435 ὅτι
608 4373 644 4433 δὲ
668 4369 829 4455 ἀνηνέχθη
852 4369 894 4452 τῷ
913 4373 1066 4451 κρατίστῳ
1088 4370 1142 4429 καί
1165 4363 1242 4444 άγίιρ
1265 4386 1324 4446 μου

109 4489 326 4576 αὐτοκράτορι,
357 4488 621 4575 ὲκκλησιαστιιιήν
648 4489 800 4572 εἶναιτὴν
827 4484 987 4561 ὑπόθεσιν,
1016 4485 1182 4554 συνοδυιῶς
1208 4479 1329 4546 ἰκείθεν
