3282 5270
200 358 204 366 .
301 303 364 366 492

303 485 457 569 συλλαβὴν
479 483 499 571 ἢ
523 489 594 569 μίαν
616 487 743 568 κεραίαν
764 483 980 566 παροραθῆναι
1001 489 1059 544 τῶν
1081 483 1226 564 κειμένων
1241 481 1412 564 δογμάτων,
1435 477 1519 542 ἀλλὰ

301 615 360 668 των
393 601 599 682 εύαγγελικύν
621 607 731 666 τεκαὶ
753 597 962 666 άποστολικῶν
984 603 1040 663 καί
1058 609 1211 683 πατρικῶν
1237 605 1372 663 κανόνων
1396 621 1428 662 τε
1462 598 1520 662 καὶ

300 725 460 806 δογμάτων
482 729 537 787 καί
559 733 615 786 τῶν
639 720 776 806 ἀρχαίων
795 724 988 805 νομοθεσιῶν
1002 723 1159 804 κειμένων,
1183 713 1260 782 υύτω
1274 725 1329 782 καί
1343 717 1426 804 ἡμᾶς
1441 721 1518 782 δού-

302 863 352 906 ναι
374 845 466 921 λόγον
486 839 559 926 ύπίρ
574 853 632 905 τῶν
646 845 853 926 προκειμένων
876 837 1063 904 ύποθίσεων.
1086 841 1139 903 διά
1160 847 1248 904 τούτο
1270 843 1324 902 καί
1345 843 1448 910 πάσας
1462 859 1520 902 σου

300 963 443 1034 δουλείας
466 959 561 1046 άμιίς,
575 957 656 1024 ύσαι
677 963 731 1022 καί
754 957 817 1024 οἶαί
839 958 908 1034 είσι,
922 963 977 1022 καί
990 962 1091 1022 πάντα
1111 961 1150 1022 τά
1165 962 1350 1041 προκείμενα
1373 979 1423 1020 σοι
1446 959 1519 1020 δεύ-

298 1101 374 1163 τερα
404 1083 537 1163 θίμενος
569 1089 622 1144 τού
655 1077 724 1160 περὶ
757 1074 914 1159 εύσιβείας
946 1077 1056 1155 λόγου,
1092 1077 1265 1140 σπούδασον
1290 1079 1379 1146 κατά
1412 1085 1516 1138 πάσαν

298 1198 436 1282 ἀνάγκην
458 1199 643 1280 καταλαβεῖν
666 1195 800 1260 ἐνταύθα
828 1201 905 1280 μετά
937 1207 995 1260 τόν
1028 1195 1085 1261 ύπύ
1117 1201 1160 1260 σδ,
1185 1199 1304 1264 πάντων
1337 1193 1518 1278 ἀρχιερέων,

299 1319 379 1382 ἔνθα
401 1323 460 1402 γάρ
482 1319 548 1382 ίστι
570 1317 587 1382 ὁ
608 1321 675 1401 περί
696 1312 854 1398 εύσεβιίας
876 1319 931 1379 καί
954 1321 1022 1400 πορί
1053 1321 1182 1386 πίστεως
1203 1291 1297 1392 λόγος
1318 1315 1515 1398 προηγούμε-

297 1459 358 1509 νος.
379 1441 478 1500 πάντα
500 1439 547 1500 δεῖ
566 1437 771 1518 παραβλίπιιν
791 1437 843 1500 τόν
864 1438 938 1518 πρός
953 1433 1286 1519 ἀληθειανιβλίποντα.
1309 1431 1442 1518 δρείλοις
1465 1431 1517 1496 σύν

298 1557 485 1638 καταλαβεῖν
508 1554 591 1626 ἐντός
613 1564 667 1638 τῆς
688 1559 875 1638 τεταγμίνης
890 1556 1024 1637 διωρίας,
1045 1551 1221 1636 ἀρχομύνης
1243 1551 1303 1616 ἀπό
1325 1559 1379 1615 τού
1400 1555 1517 1635 παρόν-

298 1696 349 1746 τος
369 1675 483 1738 ίουνίου
505 1677 599 1758 μηνός
622 1681 675 1756 τῆς
698 1671 894 1756 ἐνισταμένης
916 1671 938 1735 ε’
957 1671 1146 1744 ίνδικτιύνος
1171 1676 1264 1754 μέχρι
1292 1675 1347 1733 καί
1372 1671 1514 1754 συμπλη-

296 1785 524 1877 ρωσινχρόνων
546 1795 611 1860 δύο·
646 1790 699 1854 ἐὰν
726 1791 761 1854 δύ
793 1792 1013 1876 παρελθούσης
1044 1800 1099 1876 της
1121 1790 1264 1873 τοιαύτης
1297 1791 1423 1872 διωρίας
1458 1785 1514 1850 υύκ

298 1911 379 1995 ἔλθη
401 1907 421 1995 ἡ
444 1909 598 1995 άγιωσύνη
621 1931 687 1987 σου,
710 1907 797 1994 ἡμεῖς
819 1905 922 1972 ούκότι
945 1911 1095 1992 μίλλσμεν
1110 1913 1288 1992 περιμένειν,
1310 1911 1371 1972 ,καὶ
1391 1903 1514 1990 πόσηὴ

297 2035 391 2114 ζημία
414 2027 485 2104 ἔστί,
507 2034 588 2112 πόση
612 2031 722 2112 βλάβη,
744 2032 825 2112 πόση
847 2031 922 2110 πρός
944 2031 1060 2098 τούτοις
1083 2026 1199 2110 ἀτιμία,
1225 2029 1366 2088 τοιούτων
1388 2045 1513 2109 προκει-

297 2155 393 2232 μίνων
416 2147 591 2226 ἀναγκαίων
614 2147 878 2231 ὲκκλησιαστικων
900 2143 1078 2210 ὑποθέσεων
1099 2145 1325 2231 ἀπολειφθῆναι
1346 2146 1400 2228 την
1417 2142 1514 2222 ἁγιω-

249 2271 253 2277 ’
297 2271 388 2352 αύνην
421 2291 476 2345 σου
499 2278 552 2352 της
574 2270 717 2350 τοιαύτης
741 2264 915 2352 ίπωρελυύς
938 2267 1151 2339 συνελεύσεως,
1178 2262 1278 2346 ὥσπερ
1304 2261 1370 2326 ἐπεὶ
1403 2264 1513 2348 ἔλθῃς,

294 2391 375 2472 πόση
398 2387 468 2470 τιμὴ
491 2389 546 2448 καί
567 2386 651 2479 δόξα,
673 2388 768 2446 πόσον
790 2384 900 2465 κάρδος
922 2387 976 2446 καί
999 2387 1080 2466 πίση
1103 2379 1236 2468 ἀρίλεια
1263 2381 1350 2443 ἔσται
1383 2385 1438 2444 καί
1471 2381 1513 2451 είς
1631 2411 1632 2418 1

295 2507 348 2589 τήν
382 2502 552 2588 ἁγιωσύνην
585 2525 653 2566 σου.
673 2507 726 2565 καί
749 2501 791 2572 είς
813 2501 884 2574 τούς
907 2498 1141 2586 εύρισκομίνους
1168 2497 1278 2564 αύτόθι
1311 2501 1513 2582 χριστιανούς.

294 2624 496 2687 σπουδασάτω
518 2628 616 2692 τοίνυν
639 2617 716 2706 αύτη
739 2620 910 2707 ἀρικίσθαι
936 2622 1086 2696 ἐνταῦθα,
1109 2623 1208 2682 πάντα
1230 2622 1268 2681 τά
1290 2617 1373 2682 ἄλλα
1396 2617 1513 2682 ἐλάττω

294 2745 426 2826 θίμανος
448 2752 502 2827 της
524 2744 667 2826 τοιαύτης
690 2737 880 2816 ύπυθίσεως,
904 2745 1076 2818 γινωσκέτω
1098 2740 1133 2801 δὲ
1155 2737 1175 2822 ἡ
1200 2736 1353 2821 άγιωσύνη
1377 2758 1444 2812 σου,
1469 2735 1515 2802 ὅτι

293 2860 346 2942 τήν
369 2856 439 2935 ύγιά
460 2864 515 2922 καί
538 2857 703 2943 ἀμώμητον
725 2863 824 2921 πίστιν
846 2861 898 2920 ααί
914 2859 974 2941 την
997 2853 1155 2938 εύσίβειαν
1177 2854 1262 2942 ἡμῶν
1284 2853 1401 2918 καὶτὰ
1427 2853 1512 2936 δρθὰ

293 2980 406 3062 ταύτης
427 2978 569 3060 δόγματα
591 2973 668 3039 ούτω
691 2978 886 3062 φυλάσσομεν
905 2979 962 3052 ,καί
983 2970 1078 3054 ούιως
1101 2975 1214 3059 ἔχομεν
1239 2969 1333 3058 καὶὴ
1358 2971 1511 3058 ἐκκλησία

292 3101 346 3162 καί
367 3093 387 3180 ἡ
410 3097 561 3177 βασιλεία,
595 3093 695 3178 ύσπερ
718 3099 775 3158 καί
792 3097 939 3177 πρότερον
962 3093 1098 3178 εἴχομεν,
1120 3097 1175 3156 καί
1197 3095 1239 3180 μη
1264 3091 1429 3176 πιστεύσῃς
1451 3089 1512 3154 τισὶ
1631 3133 1632 3174 ι

295 3215 436 3290 λόγουσιν
456 3213 619 3297 ἴσως-περί
640 3211 725 3298 ἡμῶν
748 3212 878 3292 ίναντία,
902 3209 969 3275 ἀλλ’
992 3208 1070 3274 ούτω
1085 3213 1276 3296 διακείμεθα
1290 3214 1357 3292 περί
1378 3213 1416 3272 τά
1431 3206 1513 3291 δρθό
1631 3259 1632 3282 ,

292 3337 347 3395 καί
364 3330 476 3416 ἀληθῆ
498 3337 565 3415 περί
586 3337 663 3396 θεοῦ
686 3334 836 3417 δόγματα,
858 3337 912 3396 καί
935 3327 1030 3402 υύτως
1053 3329 1143 3414 ἐσμὲν
1163 3335 1218 3393 καί
1232 3337 1293 3413 νύν,
1316 3326 1417 3408 ύσπερ
1433 3325 1511 3410 ἦμεν

195 3513 196 3516 ,
293 3455 347 3512 καί
379 3455 536 3534 πρότερον,
571 3455 625 3513 καί
648 3456 706 3534 γάρ
729 3449 806 3514 ούτω
829 3454 1083 3537 συνερωνησαμεν
1107 3452 1263 3531 μετὰτῶν
1286 3457 1424 3530 μηνυτῶν
1458 3453 1509 3511 τοῦ

292 3567 395 3645 Πάτα,
416 3567 477 3645 ἵνα,
500 3567 552 3631 ἐάν
575 3581 656 3654 ρανη
678 3572 713 3632 τό
734 3567 880 3653 ἡμέτερον
902 3570 1003 3650 δόγμα
1026 3565 1056 3630 δν
1079 3577 1117 3650 ιη
1132 3567 1250 3649 συνόδιρ
1266 3565 1326 3628 ἀπό
1341 3575 1400 3628 πάιν
1415 3563 1508 3627 θείων

292 3699 414 3774 γραφῶν
436 3699 568 3771 κρεῖττον
591 3697 648 3750 τῶν
659 3687 807 3763 Λατίνων,
831 3687 964 3768 ἔλθωσιν
987 3683 1097 3748 ἐκείνου
1120 3684 1190 3769 μεθ’
1211 3681 1370 3769 ἡμῶνκαὶ
1392 3681 1507 3785 δμολοτ
1631 3709 1632 3716 1

294 3809 438 3889 γησωσιν,
460 3803 562 3888 ὥσπερ
585 3805 714 3888 λὲγομεν
736 3803 832 3890 ἡμεῖς.
852 3809 1025 3896 θαρροῦμεν
1041 3805 1075 3866 δὲ
1099 3804 1142 3886 τιρ
1163 3803 1238 3887 θεῷ,
1261 3799 1308 3866 ὃτι
1322 3799 1401 3865 υύτω
1417 3803 1506 3885 γενη·

292 3945 387 3998 σεται,
410 3934 448 4008 πη
471 3921 568 4022 αὐτού
586 3925 720 4007 βυηθείσ,
741 3929 793 3986 καί
815 3929 926 4008 χάριτι.
951 3921 1083 4004 ἀκριβῶς
1103 3920 1154 3984 ούν
1174 3923 1440 4006 πληροφορήθητι,
1462 3918 1507 3982 ότι
1631 4011 1632 4034 μ

290 4036 386 4112 ούτως
408 4040 484 4104 εἶναι
506 4051 610 4116 ταῦτα,
634 4040 674 4112 ὡς
698 4047 853 4127 γράφομεν
870 4055 907 4126 τη
923 4039 1077 4125 άγιωσύνη
1094 4063 1158 4104 σου.
1183 4042 1320 4118 γενέσθω
1343 4035 1396 4101 υύν
1419 4035 1504 4112 οὕτω,

291 4161 400 4229 καθὼς
432 4145 668 4246 παραδηλούμεν
692 4157 779 4244 αύτη,
801 4159 852 4222 ἵνα
873 4161 1038 4242 καταλάβῃ
1062 4154 1239 4242 ἐνταῦθαὴ
1274 4155 1428 4240 άγιωσύνη
1451 4177 1504 4220 σου

291 4281 367 4361 μετὰ
387 4287 457 4339 τῶν
492 4275 549 4341 ύπό
572 4283 606 4342 σδ
629 4279 795 4364 ἀρχιερέων
818 4282 950 4359 πάντων,
984 4275 1048 4339 ἐπεὶ
1069 4281 1207 4340 τοιαῦταί
1230 4276 1306 4339 εἰσιν
1340 4273 1503 4352 ἀναγκαῖαι

290 4401 344 4460 καί
366 4394 563 4478 ἀπαραίτητοι
586 4395 618 4457 αἱ
637 4403 834 4480 προκείμεναι
849 4394 1104 4479 ἐκκλησιαστικαί
1126 4391 1299 4466 ἀποθέσεις.
1323 4390 1339 4456 ό
1362 4397 1502 4472 πανάγα-
