3258 5282
305 281 367 346 390

306 465 422 547 μηδίνα
438 467 545 545 τρόπον
561 464 613 546 τὴν
630 462 780 546 ἀλὴθειαν
801 465 994 547 συγκαλύψαι
1013 461 1105 524 ἕνεκα
1124 469 1177 545 τὴς
1197 457 1365 543 ἀγορασίας
1382 465 1439 522 τού
1457 454 1521 540 ἀμ-

303 582 418 655 πελίοο,
435 582 528 663 ίσχον
545 577 600 643 ύπό
621 580 661 664 τῷ
679 583 802 663 τοιούτῳ
823 583 909 663 βάρει
929 577 1021 662 αὐτὴν
1040 580 1321 664 ίξασφαλισαμίνην
1339 583 1391 640 καί
1404 578 1520 656 διαβε-

305 699 517 781 βαιωσαμενην
538 697 592 761 καί
614 696 656 770 ύς
676 696 723 760 ἐπί
739 707 790 760 τοῦ
807 700 936 784 φοβεροῦ
952 698 1149 781 δικαστηρίου
1164 705 1218 760 τού
1233 696 1375 776 Χριστοῦ,
1389 693 1435 765 ὣς
1453 704 1521 762 ταῖς

306 813 470 898 ἀληθείαις
503 814 519 878 δ
545 816 729 900 διαληφθεὶς
756 815 902 897 Παίύκης
929 814 1009 877 ίοτίν
1031 813 1051 877 ό
1078 812 1144 876 κατ’
1179 812 1280 896 ἀρχὰς
1313 810 1372 875 ἀπό
1403 813 1522 906 ταύτης

305 933 533 1016 ἐξωνησάμενος
556 937 588 997 τύ
612 929 707 1018 ῥηθὲν
731 931 888 1016 ἀμπίλιον,
904 937 963 994 καί
986 930 1076 1002 αὐτὸς
1098 935 1189 1014 μόνος
1211 936 1249 992 τὰ
1271 940 1324 993 τοῦ
1346 933 1522 1012 τιμήματος

303 1051 413 1114 ἑκατόν
436 1053 548 1115 είκοοιν
572 1049 724 1134 ύπίρπορα
746 1052 789 1122 εἰς
810 1064 916 1134 χεῖρας
937 1053 1011 1132 πρός
1033 1048 1126 1132 αύτὴν
1140 1050 1264 1124 δέδωκε,
1286 1053 1340 1110 καί
1363 1047 1432 1108 εἴτε
1448 1045 1522 1108 ἴτε·

302 1191 353 1250 ρον
376 1170 574 1253 καττβλὴθη,
597 1175 652 1230 καί
674 1173 749 1252 μὴττ
772 1172 822 1231 τόν
849 1146 997 1249 πενθερόν
1021 1163 1113 1230 αύτού
1133 1179 1301 1250 παρασχεῖν
1322 1162 1404 1244 αύτῷ
1424 1168 1525 1245 μέχρι

301 1290 355 1347 καί
377 1295 430 1348 τοῦ
452 1289 596 1368 τοχόντος
619 1285 666 1348 ἐπί
689 1297 725 1368 τη
749 1285 891 1368 ἒίωνὴστι
914 1293 966 1347 τοῦ
989 1257 1146 1368 ἀμπελίοο,
1173 1289 1248 1366 μὴτε
1269 1284 1303 1344 δὲ
1326 1285 1378 1365 τὴν
1400 1283 1522 1342 πενθε-

302 1407 357 1484 ράν
380 1399 468 1476 ύλως,
492 1401 559 1466 ἀλλ’
583 1401 674 1466 αότόν
696 1405 733 1488 δὴ
757 1407 806 1464 τόν
823 1403 968 1485 Παζόκην
989 1407 1080 1485 μόνον
1101 1404 1250 1482 καθαρῶς
1271 1403 1305 1462 τύ
1327 1393 1447 1482 τίμημα
1472 1396 1522 1459 01-

301 1524 397 1582 κοθεν
419 1522 635 1602 καταβαλόντα
658 1523 710 1604 τὴν
734 1519 903 1606 ἀγορασίαν
925 1530 978 1583 τοῦ
1002 1519 1151 1602 ἀμστλίοο
1173 1519 1232 1582 ἀπύ
1256 1521 1366 1601 ταύτης
1380 1521 1522 1600 ποιὴστι-

303 1643 380 1702 σθαι
402 1619 455 1701 καί
478 1641 512 1701 τύ
539 1641 782 1722 ταβοολλαρικόν
813 1643 979 1723 πρατὴριον
1002 1639 1153 1722 ἔγγραφον
1176 1637 1218 1709 τίς
1241 1640 1398 1719 πρόσωπον
1421 1633 1523 1697 αὐτοῦ

242 1755 245 1760 ’
302 1760 395 1839 μόνοο
418 1755 583 1832 ἐκδόσθαι,
607 1754 641 1818 ού
665 1759 723 1840 μὴν
746 1758 783 1838 δὴ
808 1755 888 1819 ἀλλά
910 1762 963 1819 καί
983 1758 1122 1827 πλείονος
1142 1755 1245 1818 ύντκεν
1272 1752 1442 1838 ἀσφαλείας
1466 1753 1524 1813 διὰ

301 1876 335 1935 τύ
368 1878 564 1958 πανταχόθεν
594 1873 785 1960 ἀναφανῆναι
810 1878 863 1959 τὴν
891 1877 1052 1960 ἀλήθειαν,
1081 1874 1245 1958 ίρωτηθτίς
1270 1879 1324 1936 καί
1351 1859 1439 1956 χάριν
1464 1881 1522 1954 τῆς

299 1987 368 2054 κατ’
384 1991 453 2062 ἔτος
467 1993 636 2064 ἀπιτελείας
651 2003 703 2056 τοῦ
720 1992 901 2076 ἀμπελίοού
921 1993 1163 2076 ἀποτεταγμένος
1181 1991 1406 2074 ἀναλαμβάνειν
1421 1988 1523 2070 αότὴν

299 2109 458 2192 Ῥοδιάτης
491 2108 769 2194 ἐπονομαζόμενος,
795 2115 879 2194 παρὰ
905 2117 985 2182 τίνος
1012 2110 1209 2192 ἀπελάμβανε
1235 2111 1347 2192 ταύτην
1376 2107 1520 2190 ἐτησίοις,

300 2227 530 2310 διεμαρτύρατο,
553 2233 607 2290 καί
629 2226 827 2312 ὡμολόγησεν
850 2225 938 2300 ούτος
961 2228 1023 2311 μετ’
1047 2229 1216 2312 ἀσφαλείας
1232 2237 1284 2310 τὴς
1299 2229 1520 2309 προσηκούσης

300 2343 401 2408 ἐπάνω
424 2345 467 2416 τίς
490 2346 542 2428 τὴν
566 2348 665 2429 ψοχὴν
687 2342 793 2420 αύτού,
817 2344 863 2409 ὅτι
884 2348 922 2430 δὴ
947 2351 1039 2429 μόνος
1061 2343 1077 2408 ό
1107 2341 1216 2429 ῥηθείς
1235 2344 1384 2427 ,Παίύκης
1407 2343 1518 2410 ἀπεδί-

299 2465 354 2526 δοο
380 2465 456 2546 πρύς
484 2459 574 2526 αύτύν
602 2466 655 2547 τὴν
681 2466 822 2547 τοιαύτην
850 2463 1031 2539 ίπιτίλτιαν,
1058 2469 1133 2546 μὴτε
1162 2471 1214 2524 τοῦ
1239 2465 1405 2542 πενθεροῦ,
1438 2465 1518 2545 μὴττ

300 2582 360 2662 μὴν
381 2591 434 2664 της
456 2583 607 2663 πενθερᾶς
631 2584 663 2642 τό
687 2580 802 2643 οἱονούν
826 2579 1029 2644 ἀποδιδόντων
1052 2577 1140 2662 αύτῷ.
1169 2589 1221 2662 τῆς
1243 2589 1315 2655 γοῦν
1337 2573 1544 2646 ύποθόσεως’

299 2700 381 2758 κατὰ
403 2700 455 2758 τόν
477 2697 745 2780 ἀναγεγραμμένον
762 2703 869 2780 τρόπον
884 2699 1208 2780 παρακολοοθησοίσης
1222 2702 1275 2758 καί
1291 2707 1345 2779 τῆς
1360 2695 1518 2779 ἀληθείας

301 2812 457 2896 ἀριδὴλως
480 2814 697 2899 ἀναφανείσης,
726 2812 901 2899 ἀπεφὴνατο
928 2811 947 2896 ἡ
976 2791 1244 2898 μετριότηςὴμῦν
1268 2818 1345 2896 μετὰ
1372 2825 1425 2874 των
1446 2811 1517 2896 περὶ

301 2925 394 3013 αότὴν
416 2931 584 3013 ἱερωτάτων
607 2931 785 3013 ἀρχιερέων,
820 2941 872 2993 τού
896 2931 1041 3007 Νικαίας,
1071 2940 1123 2993 τού
1144 2930 1270 3014 Βιίύης,
1298 2941 1351 2994 τού
1373 2931 1516 3012 Βρύοεως

300 3052 427 3110 καὶτοῦ
450 3047 585 3124 Ῥωσίοο,
609 3051 662 3109 καί
685 3047 846 3110 ἐδικαίωσε
869 3053 919 3110 τόν
942 3051 1122 3132 δηλωθέντα
1136 3049 1291 3132 Παίύκην,
1314 3048 1355 3120 ἀς
1379 3048 1426 3124 ἂν,
1450 3048 1516 3112 ἀκταί

299 3167 383 3250 καλὴ
415 3171 512 3228 πίστει
540 3163 711 3248 ἐξωνήσατο
745 3165 870 3228 οἴκοθεν
897 3169 930 3228 τό
958 3177 1093 3230 τοιοῦτον
1125 3165 1272 3250 ἀμπέλων
1301 3172 1354 3229 καί
1388 3167 1515 3239 οἰκείοις

298 3287 406 3354 κόποις
428 3289 481 3346 καί
504 3281 700 3365 ἀναλώμασιν
716 3281 791 3346 αύτύ
815 3288 1028 3368 σονεστὴσατο,
1046 3283 1270 3369 ἀποφερόμενος
1285 3284 1525 3368 ἀνεμποδίστως·

298 3405 352 3462 καί
375 3406 428 3470 τὰς
451 3399 591 3461 ἐντεῦθεν
613 3405 850 3484 περιερχομίνας
876 3403 1057 3484 προσόδους,
1086 3405 1236 3486 μηδεμίαν
1262 3406 1396 3486 μετοχὴν
1421 3403 1513 3488 ίχόν·

300 3539 358 3580 των
381 3522 455 3602 μὴτε
479 3528 533 3580 τού
554 3522 715 3600 πενθεροῦ,
740 3525 815 3602 μὴτε
838 3530 891 3603 τὴς
912 3523 1063 3602 πενθερᾶς
1086 3520 1131 3585 ἐπ’
1153 3519 1236 3604 αύτηῐ
1258 3520 1303 3584 ἐπί
1323 3537 1385 3593 τοῖς
1402 3527 1512 3620 τοσού-

299 3659 362 3706 τοις
384 3639 517 3718 χρόνοις,
542 3637 753 3719 διαγορεύοοσι
777 3639 886 3699 δὲκαὶ
915 3637 941 3700 οἱ
969 3640 1155 3722 φιλεοσεβεῐς
1182 3643 1269 3722 νόμοι
1295 3635 1406 3702 ούτωσί
1432 3647 1515 3704 κατὰ
1624 3725 1625 3728 ¹

301 3748 398 3836 ῥὴμα·
421 3749 482 3828 ,ὥς
504 3750 522 3835 ὴ
547 3759 653 3836 χρονία
677 3753 754 3836 νομὴ
778 3757 983 3836 συμβάλλεται
1005 3769 1066 3828 τοῖς
1089 3759 1171 3841 καλὴ
1194 3763 1291 3820 πίστει
1313 3765 1515 3840 νεμομένοις*

299 3876 353 3934 καί
384 3879 479 3934 ταῦτα
505 3883 558 3957 τὴς
584 3875 687 3956 δίκης,
716 3871 756 3944 ύς
783 3874 907 3956 εἴρηται,
936 3877 986 3938 διὰ
1012 3878 1064 3960 τὴν
1092 3881 1219 3959 χρονίαν
1247 3878 1448 3961 παραδρομὴν
1471 3881 1512 3964 μὴ
1624 3955 1625 3962 γ

300 3989 432 4073 ἐχούσης
454 3993 487 4051 τύ
515 3991 731 4074 εἰσαγώγιμον,
758 3993 834 4076 πλὴν
863 3998 1119 4078 τρακταῐσθτίσης
1146 3995 1198 4056 διὰ
1224 3997 1257 4056 τύ
1285 3992 1513 4080 ἀπροφάσιστον
1624 4035 1625 4052 1

299 4111 352 4168 καί
373 4110 426 4190 τὴν
448 4117 502 4191 τὴς
518 4106 670 4192 ἀληθείας
694 4109 848 4192 ἀνεύρεσιν
870 4117 922 4174 καί
939 4111 1180 4197 ἀποδειχθείσης
1196 4109 1357 4188 ούτως,’ύις
1373 4111 1514 4198 ἀνωτέρω
1624 4129 1625 4138 ’

299 4225 380 4284 κατὰ
404 4227 493 4304 μέρος
506 4225 695 4309 διείληπται,
719 4231 772 4289 καί
795 4230 938 4310 καθάπερ
963 4233 1040 4310 μετὰ
1063 4239 1114 4292 τοῦ
1130 4233 1265 4292 τοιούτου
1281 4233 1392 4312 βάροος
1406 4227 1426 4314 ὴ
1442 4233 1513 4294 δια-

298 4347 477 4425 πρασαμίνη
511 4346 544 4403 τό
579 4355 711 4406 τοιοῦτον
735 4345 881 4428 ἀμπέλων
914 4346 1087 4410 Ἀσπιετίνα
1120 4347 1357 4433 ύξησραλίσατο,
1391 4355 1512 4433 κατίχη
1624 4439 1625 4444 ¹

298 4463 351 4520 καί
374 4459 416 4531 εἰς
439 4464 488 4524 τύν
512 4459 579 4544 ἑξῆς
601 4467 709 4546 χρόνον
737 4461 809 4530 αύτύ
837 4463 1036 4553 όΠαζύκης,
1065 4471 1117 4532 καί
1143 4472 1269 4552 νέμηται
1298 4465 1511 4552 ἀντνοχλὴτως
