3258 5282
64 516 234 603 διαφόροις
258 517 351 594 ἀξτίπτ
373 523 427 584 καί
449 522 615 595 συνοδικώς
634 522 815 606 διηγήσατο,
838 521 956 592 τούτοις
972 524 1142 605 στοιχησας
1155 525 1211 583 καί
1232 522 1300 584 ίπι·

64 635 211 716 βεβαιῶν
239 641 445 715 τὰτοιαῦτα,
473 635 584 702 οιίτωσί
614 638 790 724 ἀπεφήνατο
823 643 905 702 κατὰ
935 641 1123 723 πάντατῆς
1153 642 1302 722 προτέρας

63 750 251 838 ἀξτχόμτνα
272 757 418 829 διανοίας.
440 754 461 842 ἡ
484 761 643 842 μετριότης
663 754 759 842 ἡμῶν,
782 763 911 841 κρίμασι
924 760 1095 838 θειοτέροις
1117 755 1161 829 τίς
1176 759 1228 819 τόν
1241 776 1303 820 πα-

63 879 264 960 τριαρχικόν
296 873 472 962 ἀναχθτῐσα
496 881 609 960 θρόνον
636 875 751 940 καὶτὸ
778 879 1024 940 κατατιεττυθίν
1053 872 1133 961 αότη
1163 881 1304 960 ποίμνιον

62 999 255 1067 κανονικώς
268 1002 438 1079 ποιμαίνειν
456 991 657 1081 προελομένη,
679 999 766 1073 τόγε
788 994 832 1066 εἰς
856 991 949 1085 αόιην
963 991 1051 1079 ἧκον,
1073 997 1140 1077 περί
1160 995 1305 1058 πλείστου

63 1106 261 1196 ἀποιήσατο,
283 1114 448 1198 διόρθωσιν
469 1124 586 1198 πρῶτον
609 1119 664 1198 μίν
685 1115 832 1191 γενέσθαι
847 1123 901 1198 της
913 1115 1071 1183 πολιτείας
1083 1115 1138 1175 καί
1153 1109 1306 1194 ἀναστρο-

63 1238 130 1314 φῆς
165 1241 234 1294 τῶν
259 1237 315 1305 τάς
340 1231 517 1316 ίξαγορείας
544 1213 793 1316 ἀναδιδεγμίνων
819 1242 1030 1316 πνευματικῶν
1060 1229 1191 1314 ἀνδρῶν,
1225 1227 1304 1294 ώστι

64 1347 150 1410 τίναι
187 1339 325 1424 τούτους
344 1341 565 1438 ἀνεπιλήπτους
590 1357 680 1416 παντί
704 1357 805 1436 τρόπω
826 1355 880 1415 καί
912 1353 1100 1434 προκεῖσθαι·
1130 1349 1174 1421 τίς
1206 1349 1305 1412 καλόν

64 1469 206 1550 μίμημα
228 1473 283 1532 καί
304 1467 454 1556 ἀφέλειαν
475 1479 529 1534 τοό
551 1472 639 1547 λαοῦ,
664 1470 768 1534 ίπιιτα
793 1479 847 1554 τῆς
873 1479 931 1533 τών
958 1468 1061 1552 ίτρίων
1087 1463 1228 1541 τάταξίας
1245 1443 1305 1529 ’ταί

64 1590 298 1670 κοσμιότητος,
320 1586 363 1660 ὣς
378 1588 415 1652 ἀν
437 1589 571 1667 διάγοιεν
594 1586 678 1680 οὖτοι
699 1593 781 1652 κατὰ
803 1591 854 1651 τόν
877 1586 1033 1672 ἀνήκοντα
1055 1588 1173 1657 τούτοις
1195 1585 1233 1648 ίκ
1247 1595 1307 1648 τόν

64 1700 160 1786 ἱερῶν
185 1710 244 1768 καί
263 1711 358 1770 θείων
380 1711 517 1770 κανόνων
539 1713 649 1792 τρόπον
671 1709 826 1794 θεοφιλῶς
840 1705 907 1790 ἀμα
933 1711 988 1768 καί
1015 1703 1162 1786 τόλαβῶς,
1187 1703 1303 1787 ἀπέχε-

66 1827 152 1886 σθαί
176 1845 214 1887 τε
235 1830 290 1887 καί
311 1828 488 1910 καπηλείων
510 1831 565 1890 καί
585 1831 687 1911 πάσης
709 1827 808 1912 ἄλλης
833 1827 951 1911 φαόλης
979 1817 1146 1907 διαγωγῆς,
1170 1825 1305 1906 μάλιστα

67 1943 103 2003 δέ
128 1955 238 2027 τηρεῖν
267 1942 411 2027 ἀκριβῶς,
440 1947 481 2029 μή
508 1950 652 2023 γίνεσθαι
678 1956 807 2044 τριαυτα
833 1945 969 2028 ἀθέμιτα
1003 1947 1193 2018 συνοικόσια,
1228 1939 1305 2026 ἅπερ

67 2073 184 2134 κακῶς
210 2062 432 2149 δτεισέφρησαν
459 2077 497 2148 τῇ
524 2077 621 2150 σεμνη
648 2077 706 2130 τών
733 2075 916 2150 χριστιανών
940 2064 1081 2143 πολιτεία
1108 2061 1144 2124 ὲκ
1175 2072 1229 2125 τοό
1261 2062 1304 2144 μὴ

68 2183 153 2261 μττά
177 2181 306 2267 ἀρεόνης
327 2187 381 2245 καί
403 2181 569 2257 ἀξιτάσειες
592 2190 644 2247 καί
668 2185 851 2267 όμβριθείας
878 2181 1128 2245 ἀναστέλλεσθαι
1148 2185 1203 2243 καί
1226 2180 1303 2243 ἀνα·

69 2302 279 2382 χαιτίξεσθαι
310 2306 394 2385 παρὰ
427 2313 485 2367 τῶν
513 2303 567 2386 την
594 2303 783 2384 διεξαγωγὴν
810 2303 923 2363 τοότων
956 2299 1232 2381 ἀπιτετραμμένων,
1266 2293 1303 2360 οὖ

71 2419 168 2498 χάριν
196 2423 252 2480 καί
278 2422 403 2491 τούτους
429 2423 483 2503 μέν
509 2419 677 2490 συνοδικῶς
709 2417 928 2503 ἐπεξήλθομεν,
956 2417 998 2488 τίς
1026 2417 1162 2500 ἐκκοπὴν
1188 2417 1222 2478 δέ
1248 2419 1303 2477 καί

71 2539 261 2619 συντήρησιν
293 2549 351 2599 τών
377 2541 519 2600 τοιούτων
558 2537 706 2622 ἐξάρχους
732 2538 1002 2621 ἐγκατεστήσαμεν
1031 2535 1091 2600 ἀπό
1117 2547 1175 2599 τῶν
1208 2532 1302 2598 τόλα·

72 2651 135 2730 βών
151 2652 271 2736 ἱερέαν,
298 2651 367 2718 ὅσοι
393 2657 435 2738 τῷ
459 2661 527 2718 τότε
554 2655 726 2740 ἐκρίθησαν
753 2666 810 2719 τών
839 2655 939 2718 ἄλλων
967 2661 1164 2736 προέχοντες,
1191 2655 1302 2724 καθώς

71 2768 311 2855 πλατοκιέττρον
337 2773 371 2836 ἀν
398 2783 460 2842 τοῖς
486 2771 576 2856 ίεροίς
602 2774 760 2844 κωδικίοις
787 2775 1051 2856 κατεστρώθησαν
1066 2781 1172 2846 ταῦτα,
1199 2769 1227 2832 τί
1247 2773 1303 2832 καί

73 2909 164 2966 τινες,
188 2904 251 2961 τοίς
277 2902 387 2962 πακοίς
414 2900 652 2976 συνηγοροῦντες
677 2891 732 2954 καὶ
760 2891 979 2976 έπιχαίροντες,
1006 2895 1044 2954 τὰ
1072 2892 1167 2953 πλείω
1189 2892 1301 2952 τούτων

72 3009 297 3092 παρυρείλοντο
319 3014 373 3071 καί
396 3015 537 3092 μαχαίρᾳ
559 3009 711 3092 ἀπέτεμον
734 3008 867 3080 ἀναιδῶς
890 3007 956 3092 ἅμα
977 3007 1033 3072 καὶ
1059 3009 1217 3091 τολμηρῶς
1241 3005 1302 3068 ἀπό

74 3133 127 3186 τοῦ
151 3127 293 3190 τοιούτου
314 3127 475 3190 κωδικίυυ·
499 3133 623 3209 προσέτι
649 3148 683 3205 γε
707 3130 765 3210 μὴν
793 3126 1019 3212 επετιμησαμτν
1047 3133 1101 3188 καί
1128 3128 1301 3210 είτηγησά·

76 3245 162 3323 μτθα
198 3243 262 3328 μετ’
295 3243 461 3331 αὐστηρίας
493 3257 700 3331 πνευματικῆς
726 3245 764 3309 δι’
792 3247 897 3329 ἑτέρου
926 3251 1105 3330 γράμματος
1140 3255 1193 3308 τοῦ
1225 3249 1301 3328 πρός

75 3362 145 3434 τούς
180 3361 292 3437 αότυίις
319 3364 467 3450 ἐξάρχους
493 3375 555 3435 τοῖς
583 3363 732 3449 ἀθέμιτον
759 3365 867 3448 έχουσι
895 3369 994 3448 γάμον
1022 3367 1133 3435 τελέως
1160 3363 1299 3446 ἀποσχί-

77 3486 155 3547 οθαι
178 3481 281 3561 αότοό,
306 3484 575 3569 ἀπαναιεινοίμενυι
597 3491 652 3548 καί
672 3489 755 3548 κατὰ
777 3495 835 3548 τών
858 3485 1036 3567 τολμώντων
1058 3493 1154 3546 ταῦτα
1169 3482 1299 3566 ἱερωμέ-

77 3621 132 3663 νιιν
148 3605 335 3685 καθαίρεσιν
348 3603 482 3679 ’ἔνδικον
506 3603 588 3668 ἀλλά
607 3603 662 3666 καὶ
684 3606 737 3687 την
761 3603 995 3687 είσκομάσαταν
1018 3606 1160 3684 γοητείαν
1183 3605 1237 3662 καί
1259 3605 1298 3663 τά

79 3723 190 3804 ταύτης
214 3721 328 3805 αίσχρά
352 3721 428 3802 ἔργα
443 3723 682 3798 σπουδάσαντες,
705 3719 747 3793 ὥς
770 3721 834 3784 οίόν
850 3745 891 3794 τε,
916 3721 1142 3802 ἀνεστείλαμεν,
1168 3719 1299 3796 Χριστοῦ

79 3839 194 3921 χάριτι,
217 3842 326 3910 καθώς
349 3835 476 3923 εὕρηται
497 3843 551 3900 καί
572 3849 660 3902 τοῦτο
684 3840 937 3921 διεξοδικωτέρως
966 3841 998 3900 έν
1025 3850 1086 3910 τοῖς
1110 3836 1211 3908 αὐτοῖς
1232 3859 1298 3900 κω·

78 3953 199 4028 δικίυις.
223 3960 300 4038 μετὰ
323 3961 426 4040 μέντοι
447 3958 482 4019 τό
504 3955 684 4020 ἐπανελθεῖν
706 3955 788 4041 ἡμᾶς
811 3956 853 4027 τίς
876 3959 929 4039 τήν
957 3955 1136 4039 ἀκκλησίαν,
1163 3953 1202 4040 η’ς
1225 3957 1298 4040 έξη-

82 4073 235 4159 λάθημιν,
259 4071 301 4145 ἀς
321 4073 424 4138 ίσαοιν
447 4073 588 4150 ἅπαντες,
610 4076 750 4145 πλείονος
773 4080 986 4160 φροντίσαντες
1008 4085 1061 4158 της
1084 4075 1127 4145 τίς
1142 4083 1238 4137 ταῦτα
1261 4071 1299 4137 ἀ·

80 4195 227 4277 οραλτίας
250 4198 303 4256 καί
324 4194 531 4276 διορθώσεως,
559 4194 623 4256 έπτί
646 4193 706 4272 ἀπό
733 4215 821 4256 τινων
843 4195 947 4277 ἱερέων
973 4197 1056 4276 παρά
1087 4197 1121 4256 τό
1144 4203 1298 4276 προσηκον

80 4309 177 4382 αότοίς
201 4323 309 4396 σχῆμα
330 4313 569 4396 πολιτευομένων
593 4315 808 4395 συμβαίνουσιν
827 4312 1011 4395 ἀπιρώεσθαι
1025 4310 1058 4374 αἱ
1072 4316 1239 4394 τριγαμίαι,
1264 4309 1296 4372 αἱ

80 4437 280 4516 τιτραγαμίαι
302 4436 357 4493 καί
378 4435 417 4494 τά
441 4431 577 4515 ἀθέμιτα
599 4435 697 4494 πάντα
720 4437 906 4506 σονυικέσια,
929 4433 972 4516 τῷ
991 4432 1095 4494 δοκτίν
1113 4437 1210 4492 ταῦτα
1225 4449 1298 4491 συν-

82 4553 241 4626 απτόνττεν,
265 4547 343 4633 ἅπερ
367 4549 484 4632 μάλλον
507 4561 544 4636 τῇ
561 4547 698 4632 ἀληθείη
715 4549 789 4612 εἰσίν
806 4548 965 4612 ἀσώναττα
980 4553 1033 4612 καί
1050 4548 1297 4634 ἀπιτετιμημίνα,
