3282 5270
1288 316 1347 380 4⁷1

128 517 203 579 ματτ
220 493 390 580 άγαπητοῖς
405 491 548 578 τἰδελροῖς
567 491 661 578 αὐτῆς
675 499 730 558 καί
745 495 995 576 συλλειτοοργυῖς,
1013 493 1055 576 τῷ
1070 497 1208 581 μεγάλης
1223 497 1348 561 Καισα·

126 619 213 694 ρείας
224 611 462 685 Καππαδοκίας,
477 607 629 695 όπερτίμιρ
644 621 702 674 τῶν
717 607 883 693 ύπερτίμοιν
898 616 952 674 καί
967 611 1087 695 όεάρχιμ
1101 616 1204 696 πάσης
1214 612 1345 678 ’Λνατυ-

125 730 194 813 λης,
210 730 253 812 τῷ
267 729 397 815 Ἐρόσου
410 731 466 792 καί
480 727 599 813 όζάρχῳ
613 732 716 812 πάσης
729 727 847 802 Ἀσίας,
869 731 911 811 τῷ
924 727 1118 811 Ἡρακλείας,
1133 731 1269 812 προίδριρ
1287 741 1346 794 τῦν

125 843 297 931 ύπερτίμιον
318 853 372 912 καί
398 847 519 930 ίΕάρχιμ
539 851 642 931 πάσης
663 847 787 930 Θράκης
809 851 863 908 καί
880 845 1090 922 Μακεδονίας,
1117 847 1159 930 τῷ
1185 844 1345 932 όποψηρίιρ

125 963 283 1048 ’Λγκύρας
303 965 359 1028 καὶ
381 963 500 1048 όζάρχιρ
521 965 622 1048 πάσης
636 963 801 1038 Γαλατίας,
824 963 865 1046 τῷ
881 963 1017 1035 Κυζίκου
1038 969 1093 1027 καί
1108 963 1229 1048 όζάρχιρ
1243 969 1344 1048 πάσης

125 1079 361 1164 Ἑλλησπόντου,
383 1082 425 1166 τῷ
447 1081 677 1166 Φιλαδελφείας
698 1085 753 1143 καί
774 1084 826 1144 τόν
848 1085 938 1143 τόπον
962 1079 1103 1164 όπόχοντι
1125 1090 1179 1144 τοῦ
1201 1081 1344 1164 Σάρδειον

122 1205 178 1262 καί
201 1197 320 1283 όζάρχιρ
341 1203 443 1284 πάσης
465 1199 591 1275 Λυδίας,
614 1199 658 1282 τηῐ
678 1198 821 1274 Νικαίας,
854 1201 897 1282 τῷ
920 1199 1120 1284 Χαλκηδόνος
1146 1204 1201 1263 καί
1223 1199 1343 1284 όξάρχιρ

121 1321 226 1401 πάσης
247 1316 410 1392 Βιθυνίας,
433 1318 475 1400 τῷ
495 1317 764 1402 Ποντοηρακλεῖας
786 1321 840 1380 καῖ
860 1319 912 1379 τόν
934 1319 1025 1380 τόπον
1048 1316 1188 1401 όπῖχοντι
1210 1327 1264 1380 τοῦ
1286 1318 1341 1382 Σί-

122 1434 181 1516 δης
203 1432 246 1516 τῷ
265 1433 379 1517 Βιζύης
400 1438 456 1496 καί
477 1436 528 1498 τόν
551 1435 642 1498 τύπον
664 1432 806 1516 όπίχυντι
828 1441 881 1495 τοῦ
903 1432 1165 1516 Σταυρουπόλειες,
1199 1433 1240 1516 τῷ
1260 1433 1341 1517 Βρύ-

121 1573 215 1626 σεας,
250 1550 292 1634 τῷ
311 1550 439 1634 Μόρον,
472 1553 515 1634 τῷ
534 1551 690 1635 Ἀθηνῶν,
723 1550 767 1632 τηί
788 1546 949 1634 όποψηρίιρ
970 1549 1264 1631 ’Λδριανουπόλτοια
1298 1550 1340 1632 τῷ
1428 1617 1430 1622 ,

118 1667 360 1751 Τραπεζοῦντος,
393 1669 436 1752 τῷ
455 1669 603 1754 Μιλήτου,
636 1669 678 1752 τῷ
697 1665 833 1744 Ῥοισίου,
867 1667 909 1750 τῷ
929 1667 1144 1752 ’Λμάστριδυς,
1172 1669 1215 1752 τῷ
1236 1667 1339 1742 Λίνου,

117 1789 173 1848 καί
195 1797 258 1856 τοῖς
280 1783 543 1870 όρχιεπιυκόπυις,
576 1786 618 1869 τῷ
638 1785 830 1870 Μαρονείας,
863 1785 905 1868 τῷ
925 1784 1053 1867 Λήμνου
1075 1789 1129 1847 καί
1150 1785 1192 1869 τῷ
1211 1785 1340 1868 Λύρκου,

117 1901 229 1978 διόγνα
249 1907 305 1966 καί
325 1906 547 1987 κατεπράξατο,
569 1901 613 1975 ὣς
635 1902 673 1966 όν
694 1902 714 1989 ἡ
737 1902 881 1986 είρημόνη
905 1901 1061 1986 άγιωτάτη
1081 1904 1277 1986 μητρόπολις,
1301 1907 1345 1966 τά.

116 2018 280 2098 Ἰετάννινα,
313 2019 412 2106 όπόχη
434 2025 486 2085 τόν
508 2025 600 2088 τόπον
620 2030 674 2086 τοῦ
694 2021 892 2095 Ναυπάκτου,
918 2025 972 2084 καί
997 2031 1096 2084 πᾶσαι
1129 2019 1160 2082 αἱ
1192 2023 1338 2084 τελοῦσαι

118 2134 293 2214 όπισκυπαί,
317 2136 353 2200 αί
370 2161 404 2203 τε
425 2136 484 2203 ύπύ
505 2142 559 2223 την
573 2139 760 2206 Ναύπακτον
773 2143 828 2202 καῖ
842 2137 876 2202 αί
889 2136 946 2202 ύπύ
961 2143 999 2201 τά
1014 2138 1175 2212 Ἰοάννινα,
1198 2137 1231 2201 αῖ
1252 2139 1335 2200 διαι·

118 2257 260 2335 μεθεῖσαι
282 2257 360 2339 μετὰ
381 2260 416 2320 τύ
439 2257 682 2341 ἀποσπασθῆναι
704 2258 756 2340 την
778 2256 964 2334 Ναύπακτον
987 2253 1044 2318 όπό
1067 2266 1125 2318 τῦν
1140 2255 1262 2318 Ἰταλῶν
1283 2257 1336 2316 τόν

116 2374 227 2454 τρόπον
249 2373 283 2434 δν
305 2373 433 2458 εἴρηται,
456 2379 535 2458 μετὰ
556 2377 611 2458 την
633 2373 801 2438 άπόστασιν
822 2383 875 2438 τοῦ
897 2381 949 2436 νῦν
967 2369 1048 2445 ὅπως
1062 2379 1136 2436 πυτό
1152 2368 1335 2454 εύρισκυρό-

116 2506 170 2551 νου
192 2487 292 2554 όκεῖσπ
306 2489 504 2566 Ναυπάκτου,
526 2493 653 2555 τελῦσιν
673 2490 785 2574 άπάρτι
799 2489 856 2554 ύπό
875 2493 928 2573 την
945 2491 1116 2574 άγιωτάτην
1139 2491 1335 2574 μητρόπολιν,

115 2610 154 2669 τὰ
175 2599 339 2684 Ἰωάννινα,
362 2613 469 2693 μόχρις
491 2607 528 2672 ἂν
549 2605 570 2694 ἡ
593 2611 716 2693 τοιαύτη
730 2605 916 2680 Ναύπακτος
939 2605 995 2671 ύπύ
1015 2619 1073 2670 τοῖν
1093 2607 1233 2672 Λατίνων
1255 2628 1335 2670 κατ-

114 2728 236 2808 όχηπαι,
258 2729 314 2789 καί
334 2723 451 2812 όρεῖλει
472 2723 557 2791 όδεό
579 2725 742 2810 ίεράτατος
768 2727 993 2810 μητροπολῖτης
1014 2725 1185 2796 Ἰυαννίνιυν
1206 2729 1261 2788 καί
1282 2727 1337 2788 τόν

114 2844 207 2905 τόπον
231 2843 350 2928 όπόχιον
371 2853 424 2909 τοῦ
437 2830 636 2920 Ναυπάκτου,
658 2842 829 2929 ύπίρτιμυς,
851 2843 1010 2930 ἀγαπητός
1023 2849 1106 2908 κατὰ
1119 2846 1223 2926 κύριον
1238 2843 1335 2908 άδελ-
1453 2907 1456 2913 ,

112 2962 171 3044 ρός
202 2970 258 3046 της
282 2959 369 3047 ἡμῶν
395 2966 592 3047 μετριότητος
613 2968 672 3026 καί
691 2963 933 3046 σολλειτουργῦς,
966 2973 1024 3044 κύρ
1046 2962 1279 3042 Σεβαστειανύς,
1302 2959 1336 3024 ἑν

111 3081 228 3149 πάσαις
260 3089 325 3150 ταῖς
347 3081 502 3150 τοιαύταις
524 3078 714 3156 ύπτσκυπαῖς,
741 3090 806 3152 ταῖς
839 3076 895 3142 ύπύ
928 3081 982 3162 την
1002 3078 1189 3143 Ναύπακτον
1220 3082 1275 3141 καί
1297 3080 1338 3140 τά

111 3193 276 3270 Ἰοάννινα,
299 3194 384 3278 ἔχειν
406 3193 454 3260 όπί
474 3199 576 3280 πάσης
596 3195 704 3268 ἀδείας
718 3201 773 3259 καί
787 3195 924 3270 ἐξουσίας
939 3194 1124 3268 ἐπισκόπους
1138 3205 1334 3279 χειροτονεῖν,

110 3310 156 3373 ότι
178 3332 212 3373 τε
232 3314 464 3396 πρεσβυτίρυυς,
486 3313 649 3385 διακόνους
669 3317 724 3404 χαί
738 3311 959 3384 ύποδιακόνυος
973 3315 1236 3396 προχειρίζεσθαι,
1253 3311 1332 3375 ἀνα-

109 3431 248 3503 γνώστας
270 3435 457 3514 σρραγίζειν,
479 3432 704 3514 πνευματικυύς
717 3435 852 3512 πατόρας
867 3429 1094 3504 ἀποκαθιστᾶν,
1118 3431 1210 3498 ναούς
1233 3429 1335 3512 ἱερούς

108 3549 280 3628 καθιεροῦν
301 3553 356 3611 καί
376 3551 477 3611 πάντα
497 3561 592 3612 ποιεῖν
615 3547 907 3630 ύπρυκριματίυτιος,
930 3544 991 3609 ὅσα
1006 3545 1120 3631 όρεῖται
1136 3551 1251 3630 γνησίῳ
1273 3545 1332 3630 ἀρ-

17 3725 20 3732 .
109 3677 217 3748 χιερτῖ,
241 3671 319 3748 μετὰ
340 3675 395 3750 της
414 3671 632 3751 προσηκούσης
658 3666 781 3750 όρεόνης
807 3670 861 3728 καί
882 3663 1050 3749 ἀκριβείας,
1082 3667 1164 3727 κατὰ
1185 3665 1240 3747 την
1271 3675 1332 3727 τύν

109 3787 205 3847 θείειν
227 3783 283 3848 καὶ
304 3783 393 3868 ἱερῶν
414 3790 551 3848 κανόνων
578 3784 690 3868 ἀκριβῆ
712 3785 900 3869 δοκιμασίαν
932 3788 987 3847 καί
1006 3785 1227 3866 παρατήρησιν,
1258 3803 1332 3846 ποι·

110 3907 229 3984 μαίντιν
251 3921 284 3963 τε
304 3905 360 3964 καί
380 3902 537 3978 διδάσκειν
559 3905 611 3965 τόν
632 3900 665 3965 όν
688 3897 793 3972 αόταῖς
813 3905 1020 3986 χριοτύνομυν
1043 3909 1097 3963 τοῦ
1115 3905 1221 3982 κυρίου
1243 3902 1330 3979 λαόν,

108 4015 292 4104 ὀρειλόνταν
313 4022 432 4083 πάντων
454 4017 665 4094 ύποδόξασθαι
686 4029 792 4084 τοῦτον
815 4025 892 4104 μετὰ
914 4019 1051 4104 μεγάλης
1073 4029 1162 4102 τιμῆς
1183 4023 1237 4082 καί
1250 4021 1330 4082 πολ-

109 4133 166 4218 λῆς
189 4143 244 4218 τῆς
264 4137 472 4220 περιχαρείας,
495 4137 537 4210 ύς
557 4137 689 4217 ἄγγελον
704 4137 932 4220 ἀπεσταλμένον
951 4139 1035 4218 παρὰ
1050 4139 1138 4211 θεοῦ,
1161 4139 1216 4198 καί
1239 4139 1328 4216 στόρ-

109 4271 173 4327 γειν
208 4260 314 4316 τοῦτον
345 4259 400 4317 καί
421 4259 602 4332 πείθεσθαι,
636 4255 677 4326 ύς
710 4259 830 4338 πυιμίνι
862 4257 917 4316 καί
949 4265 1111 4338 φροντιστῇ
1133 4263 1191 4314 τῶν
1223 4256 1330 4335 όυχῦν

109 4367 217 4434 αύτῦν.
251 4370 300 4434 όπί
331 4375 428 4456 τούτῳ
453 4378 512 4456 γάρ
539 4373 713 4437 ῖπιδίδοται
743 4369 764 4456 ἡ
796 4381 936 4455 παροῦσα
950 4454 955 4463 Ι
971 4371 1116 4453 συνοδικη
1149 4371 1255 4450 πρᾶξις
1287 4371 1331 4452 τῷ

109 4485 258 4571 είρημίνιρ
280 4497 338 4572 κύρ
360 4489 580 4576 Σεβαστειανηῐ,
603 4492 708 4555 ίπειτα
730 4491 764 4553 δί
787 4494 844 4553 καί
863 4501 925 4562 τοῖς
948 4487 1011 4572 μετ’
1036 4485 1125 4550 αύτύν
1148 4487 1329 4570 διαδεζυμό-
