<?xml version="1.0" encoding="UTF-8"?>
<!DOCTYPE html PUBLIC "-//W3C//DTD XHTML 1.0 Transitional//EN"
    "http://www.w3.org/TR/xhtml1/DTD/xhtml1-transitional.dtd">
<html xmlns="http://www.w3.org/1999/xhtml" xml:lang="en" lang="en">
 <head>
  <title>
</title>
<meta http-equiv="Content-Type" content="text/html;charset=utf-8" />
  <meta name='ocr-system' content='tesseract 3.04.00' />
  <meta name='ocr-capabilities' content='ocr_page ocr_carea ocr_par ocr_line ocrx_word'/>
</head>
<body>
  <div class='ocr_page' id='page_1' title='image "./actaetdiplomata01miklgoog_0518.png"; bbox 0 0 3282 5270; ppageno 0'>
   <div class='ocr_carea' id='block_1_1' title="bbox 1267 342 1331 406">
    <p class='ocr_par' dir='ltr' id='par_1_1' title="bbox 1267 342 1331 406">
     <span class='ocr_line' id='line_1_1' title="bbox 1267 342 1331 406; baseline 0 0"><span class='ocrx_word' id='word_1_1' title='bbox 1267 342 1331 406; x_wconf 71' lang='lat'><strong>469</strong></span> 
     </span>
    </p>
   </div>
   <div class='ocr_carea' id='block_1_2' title="bbox 40 518 1394 3667">
    <p class='ocr_par' dir='ltr' id='par_1_2' title="bbox 40 518 1394 3667">
     <span class='ocr_line' id='line_1_2' title="bbox 101 518 1330 610; baseline 0.008 -28"><span class='ocrx_word' id='word_1_2' title='bbox 101 518 279 592; x_wconf 68' lang='grc' dir='ltr'><strong>συναδικεῖς</strong></span> <span class='ocrx_word' id='word_1_3' title='bbox 311 539 355 585; x_wconf 88' lang='grc' dir='ltr'><strong>τι·</strong></span> <span class='ocrx_word' id='word_1_4' title='bbox 376 522 489 607; x_wconf 72' lang='grc' dir='ltr'><strong>ρὴροις</strong></span> <span class='ocrx_word' id='word_1_5' title='bbox 519 525 575 584; x_wconf 86' lang='grc' dir='ltr'><strong>καί</strong></span> <span class='ocrx_word' id='word_1_6' title='bbox 608 523 743 604; x_wconf 74' lang='grc' dir='ltr'><strong>γνώμαις</strong></span> <span class='ocrx_word' id='word_1_7' title='bbox 776 519 1058 595; x_wconf 76' lang='grc' dir='ltr'><strong>ίξακολοοδούντις</strong></span> <span class='ocrx_word' id='word_1_8' title='bbox 1084 525 1139 609; x_wconf 79' lang='grc' dir='ltr'><strong>την</strong></span> <span class='ocrx_word' id='word_1_9' title='bbox 1170 535 1330 610; x_wconf 82' lang='grc' dir='ltr'><strong>ταρούσαν</strong></span> 
     </span>
     <span class='ocr_line' id='line_1_3' title="bbox 102 637 1328 730; baseline 0.005 -30"><span class='ocrx_word' id='word_1_10' title='bbox 102 637 268 723; x_wconf 79' lang='grc' dir='ltr'><strong>σονοδικήν</strong></span> <span class='ocrx_word' id='word_1_11' title='bbox 290 642 396 724; x_wconf 73' lang='grc' dir='ltr'><strong>πρᾶξιν</strong></span> <span class='ocrx_word' id='word_1_12' title='bbox 419 641 672 723; x_wconf 78' lang='grc' dir='ltr'><strong>διατραττύμτδα</strong></span> <span class='ocrx_word' id='word_1_13' title='bbox 684 643 747 702; x_wconf 78' lang='grc' dir='ltr'><strong>καί</strong></span> <span class='ocrx_word' id='word_1_14' title='bbox 767 637 856 724; x_wconf 83' lang='grc' dir='ltr'><strong>ἡμτίς</strong></span> <span class='ocrx_word' id='word_1_15' title='bbox 878 645 933 703; x_wconf 86' lang='grc' dir='ltr'><strong>καί</strong></span> <span class='ocrx_word' id='word_1_16' title='bbox 954 643 992 702; x_wconf 82' lang='grc' dir='ltr'><strong>τά</strong></span> <span class='ocrx_word' id='word_1_17' title='bbox 1006 643 1104 724; x_wconf 83' lang='grc' dir='ltr'><strong>τάλαι</strong></span> <span class='ocrx_word' id='word_1_18' title='bbox 1114 647 1200 711; x_wconf 76' lang='grc' dir='ltr'><strong>κατὰ</strong></span> <span class='ocrx_word' id='word_1_19' title='bbox 1214 644 1328 730; x_wconf 80' lang='grc' dir='ltr'><strong>διορύ-</strong></span> 
     </span>
     <span class='ocr_line' id='line_1_4' title="bbox 100 757 1327 842; baseline 0.006 -24"><span class='ocrx_word' id='word_1_20' title='bbox 100 777 175 838; x_wconf 90' lang='grc' dir='ltr'><strong>ροος</strong></span> <span class='ocrx_word' id='word_1_21' title='bbox 189 759 327 840; x_wconf 86' lang='grc' dir='ltr'><strong>καιρούς,</strong></span> <span class='ocrx_word' id='word_1_22' title='bbox 350 763 458 842; x_wconf 74' lang='grc' dir='ltr'><strong>χροίας</strong></span> <span class='ocrx_word' id='word_1_23' title='bbox 472 760 627 842; x_wconf 90' lang='grc' dir='ltr'><strong>κινούσης,</strong></span> <span class='ocrx_word' id='word_1_24' title='bbox 648 767 708 822; x_wconf 78' lang='grc' dir='ltr'><strong>τῶν</strong></span> <span class='ocrx_word' id='word_1_25' title='bbox 722 759 908 842; x_wconf 70' lang='grc' dir='ltr'>πραγμάτων</span> <span class='ocrx_word' id='word_1_26' title='bbox 934 757 1150 836; x_wconf 73' lang='grc' dir='ltr'><strong>ἀπαιτούντων,</strong></span> <span class='ocrx_word' id='word_1_27' title='bbox 1173 759 1212 824; x_wconf 84' lang='grc' dir='ltr'><strong>δι’</strong></span> <span class='ocrx_word' id='word_1_28' title='bbox 1234 758 1327 825; x_wconf 82' lang='grc' dir='ltr'><strong>τύλύ·</strong></span> 
     </span>
     <span class='ocr_line' id='line_1_5' title="bbox 100 873 1328 960; baseline 0.004 -23"><span class='ocrx_word' id='word_1_29' title='bbox 100 893 176 950; x_wconf 91' lang='grc' dir='ltr'><strong>γοος</strong></span> <span class='ocrx_word' id='word_1_30' title='bbox 198 874 299 948; x_wconf 84' lang='grc' dir='ltr'><strong>αίτίας</strong></span> <span class='ocrx_word' id='word_1_31' title='bbox 320 879 374 938; x_wconf 92' lang='grc' dir='ltr'><strong>καί</strong></span> <span class='ocrx_word' id='word_1_32' title='bbox 396 873 622 960; x_wconf 77' lang='grc' dir='ltr'><strong>άταραιτήτοος</strong></span> <span class='ocrx_word' id='word_1_33' title='bbox 644 874 784 953; x_wconf 77' lang='grc' dir='ltr'><strong>ἀνάγκας</strong></span> <span class='ocrx_word' id='word_1_34' title='bbox 805 876 1057 959; x_wconf 83' lang='grc' dir='ltr'><strong>διατττραγμίνα</strong></span> <span class='ocrx_word' id='word_1_35' title='bbox 1082 880 1239 960; x_wconf 73' lang='grc' dir='ltr'><strong>κρατύνειν</strong></span> <span class='ocrx_word' id='word_1_36' title='bbox 1271 884 1328 942; x_wconf 86' lang='grc' dir='ltr'><strong>καί</strong></span> 
     </span>
     <span class='ocr_line' id='line_1_6' title="bbox 101 987 1325 1078; baseline 0.003 -24"><span class='ocrx_word' id='word_1_37' title='bbox 101 987 266 1075; x_wconf 73' lang='grc' dir='ltr'><strong>δτικορούν</strong></span> <span class='ocrx_word' id='word_1_38' title='bbox 288 997 442 1076; x_wconf 84' lang='grc' dir='ltr'><strong>κρίνομτν,</strong></span> <span class='ocrx_word' id='word_1_39' title='bbox 465 991 507 1064; x_wconf 73' lang='grc' dir='ltr'><strong>ὣς</strong></span> <span class='ocrx_word' id='word_1_40' title='bbox 529 992 627 1070; x_wconf 77' lang='grc' dir='ltr'><strong>τὶκύς,</strong></span> <span class='ocrx_word' id='word_1_41' title='bbox 650 992 733 1056; x_wconf 76' lang='grc' dir='ltr'><strong>δοτιν</strong></span> <span class='ocrx_word' id='word_1_42' title='bbox 755 992 776 1056; x_wconf 84' lang='grc' dir='ltr'><strong>ά</strong></span> <span class='ocrx_word' id='word_1_43' title='bbox 797 997 852 1056; x_wconf 85' lang='grc' dir='ltr'><strong>καὶ</strong></span> <span class='ocrx_word' id='word_1_44' title='bbox 875 999 999 1077; x_wconf 79' lang='grc' dir='ltr'><strong>μετρίας</strong></span> <span class='ocrx_word' id='word_1_45' title='bbox 1014 998 1095 1067; x_wconf 88' lang='grc' dir='ltr'><strong>τινύς</strong></span> <span class='ocrx_word' id='word_1_46' title='bbox 1116 995 1250 1078; x_wconf 82' lang='grc' dir='ltr'><strong>δτύμσνα</strong></span> <span class='ocrx_word' id='word_1_47' title='bbox 1271 1005 1325 1060; x_wconf 81' lang='grc' dir='ltr'><strong>τού</strong></span> 
     </span>
     <span class='ocr_line' id='line_1_7' title="bbox 98 1108 1325 1194; baseline 0.005 -24"><span class='ocrx_word' id='word_1_48' title='bbox 98 1109 202 1171; x_wconf 87' lang='grc' dir='ltr'><strong>καλού</strong></span> <span class='ocrx_word' id='word_1_49' title='bbox 222 1111 408 1193; x_wconf 71' lang='grc' dir='ltr'><strong>προσθήκης</strong></span> <span class='ocrx_word' id='word_1_50' title='bbox 430 1109 482 1172; x_wconf 81' lang='grc' dir='ltr'><strong>διὰ</strong></span> <span class='ocrx_word' id='word_1_51' title='bbox 504 1111 558 1194; x_wconf 79' lang='grc' dir='ltr'><strong>τήν</strong></span> <span class='ocrx_word' id='word_1_52' title='bbox 580 1108 750 1174; x_wconf 75' lang='grc' dir='ltr'><strong>ύντοτῶσαν</strong></span> <span class='ocrx_word' id='word_1_53' title='bbox 772 1115 880 1194; x_wconf 74' lang='grc' dir='ltr'><strong>χροίαν</strong></span> <span class='ocrx_word' id='word_1_54' title='bbox 907 1110 1160 1194; x_wconf 82' lang='grc' dir='ltr'><strong>άνατληρούνττς.</strong></span> <span class='ocrx_word' id='word_1_55' title='bbox 1194 1108 1264 1175; x_wconf 82' lang='grc' dir='ltr'><strong>ύτοι</strong></span> <span class='ocrx_word' id='word_1_56' title='bbox 1289 1113 1325 1176; x_wconf 79' lang='grc' dir='ltr'><strong>δί</strong></span> 
     </span>
     <span class='ocr_line' id='line_1_8' title="bbox 102 1225 1323 1315; baseline 0.005 -27"><span class='ocrx_word' id='word_1_57' title='bbox 102 1231 196 1290; x_wconf 81' lang='grc' dir='ltr'><strong>τιίνστ</strong></span> <span class='ocrx_word' id='word_1_58' title='bbox 216 1231 256 1290; x_wconf 81' lang='grc' dir='ltr'><strong>τά</strong></span> <span class='ocrx_word' id='word_1_59' title='bbox 277 1237 331 1292; x_wconf 85' lang='grc' dir='ltr'><strong>τού</strong></span> <span class='ocrx_word' id='word_1_60' title='bbox 352 1231 502 1312; x_wconf 80' lang='grc' dir='ltr'><strong>καμόντος</strong></span> <span class='ocrx_word' id='word_1_61' title='bbox 522 1229 628 1306; x_wconf 89' lang='grc' dir='ltr'><strong>λύγοο,</strong></span> <span class='ocrx_word' id='word_1_62' title='bbox 650 1233 705 1292; x_wconf 90' lang='grc' dir='ltr'><strong>καί</strong></span> <span class='ocrx_word' id='word_1_63' title='bbox 725 1233 770 1298; x_wconf 88' lang='grc' dir='ltr'><strong>τίς</strong></span> <span class='ocrx_word' id='word_1_64' title='bbox 792 1225 809 1291; x_wconf 85' lang='grc' dir='ltr'><strong>δ</strong></span> <span class='ocrx_word' id='word_1_65' title='bbox 831 1231 948 1300; x_wconf 83' lang='grc' dir='ltr'><strong>σκοτύς</strong></span> <span class='ocrx_word' id='word_1_66' title='bbox 973 1225 1064 1312; x_wconf 70' lang='grc' dir='ltr'><strong>αύτῷ,</strong></span> <span class='ocrx_word' id='word_1_67' title='bbox 1096 1231 1228 1312; x_wconf 76' lang='grc' dir='ltr'><strong>λίγομτν</strong></span> <span class='ocrx_word' id='word_1_68' title='bbox 1249 1230 1323 1315; x_wconf 78' lang='grc' dir='ltr'><strong>ἤδη·</strong></span> 
     </span>
     <span class='ocr_line' id='line_1_9' title="bbox 97 1341 1394 1431; baseline 0.002 -23"><span class='ocrx_word' id='word_1_69' title='bbox 97 1341 211 1430; x_wconf 77' lang='grc' dir='ltr'><strong>ἡτιρί</strong></span> <span class='ocrx_word' id='word_1_70' title='bbox 232 1367 291 1409; x_wconf 89' lang='grc' dir='ltr'><strong>τοο</strong></span> <span class='ocrx_word' id='word_1_71' title='bbox 313 1351 352 1410; x_wconf 81' lang='grc' dir='ltr'><strong>τὰ</strong></span> <span class='ocrx_word' id='word_1_72' title='bbox 372 1345 501 1429; x_wconf 71' lang='grc' dir='ltr'><strong>Ιἐστίρια</strong></span> <span class='ocrx_word' id='word_1_73' title='bbox 527 1352 605 1431; x_wconf 72' lang='grc' dir='ltr'><strong>μύρη</strong></span> <span class='ocrx_word' id='word_1_74' title='bbox 632 1351 759 1430; x_wconf 69' lang='grc' dir='ltr'><strong>κτιμύνη</strong></span> <span class='ocrx_word' id='word_1_75' title='bbox 792 1343 949 1430; x_wconf 82' lang='grc' dir='ltr'><strong>άγιωτιὶτη</strong></span> <span class='ocrx_word' id='word_1_76' title='bbox 981 1347 1168 1430; x_wconf 84' lang='grc' dir='ltr'><strong>μητρύτολις</strong></span> <span class='ocrx_word' id='word_1_77' title='bbox 1189 1347 1322 1412; x_wconf 81' lang='grc' dir='ltr'><strong>Ναύτα-</strong></span> <span class='ocrx_word' id='word_1_78' title='bbox 1391 1373 1394 1378; x_wconf 93' lang='grc'><em>·</em></span> 
     </span>
     <span class='ocr_line' id='line_1_10' title="bbox 96 1459 1324 1549; baseline 0.003 -25"><span class='ocrx_word' id='word_1_79' title='bbox 96 1483 171 1534; x_wconf 91' lang='grc' dir='ltr'><strong>κτος</strong></span> <span class='ocrx_word' id='word_1_80' title='bbox 205 1461 243 1548; x_wconf 73' lang='grc' dir='ltr'><strong>ἢν</strong></span> <span class='ocrx_word' id='word_1_81' title='bbox 267 1469 321 1547; x_wconf 82' lang='grc' dir='ltr'><strong>μίν</strong></span> <span class='ocrx_word' id='word_1_82' title='bbox 343 1469 398 1536; x_wconf 86' lang='grc' dir='ltr'><strong>καί</strong></span> <span class='ocrx_word' id='word_1_83' title='bbox 420 1459 498 1548; x_wconf 82' lang='grc' dir='ltr'><strong>κύτη</strong></span> <span class='ocrx_word' id='word_1_84' title='bbox 520 1467 617 1547; x_wconf 73' lang='grc' dir='ltr'><strong>τούτῳ</strong></span> <span class='ocrx_word' id='word_1_85' title='bbox 638 1466 677 1549; x_wconf 80' lang='grc' dir='ltr'><strong>δὴ</strong></span> <span class='ocrx_word' id='word_1_86' title='bbox 700 1464 743 1547; x_wconf 72' lang='grc' dir='ltr'><strong>τῷ</strong></span> <span class='ocrx_word' id='word_1_87' title='bbox 764 1465 890 1548; x_wconf 71' lang='grc' dir='ltr'><strong>μαγάλιρ</strong></span> <span class='ocrx_word' id='word_1_88' title='bbox 911 1467 1015 1548; x_wconf 70' lang='grc' dir='ltr'><strong>δρύνιρ</strong></span> <span class='ocrx_word' id='word_1_89' title='bbox 1042 1469 1125 1528; x_wconf 77' lang='grc' dir='ltr'><strong>κατὰ</strong></span> <span class='ocrx_word' id='word_1_90' title='bbox 1147 1468 1202 1535; x_wconf 79' lang='grc' dir='ltr'><strong>τάς</strong></span> <span class='ocrx_word' id='word_1_91' title='bbox 1224 1465 1324 1538; x_wconf 70' lang='grc' dir='ltr'><strong>ἄλλας</strong></span> 
     </span>
     <span class='ocr_line' id='line_1_11' title="bbox 98 1577 1322 1674; baseline 0.004 -34"><span class='ocrx_word' id='word_1_92' title='bbox 98 1583 155 1650; x_wconf 84' lang='grc' dir='ltr'><strong>τάς</strong></span> <span class='ocrx_word' id='word_1_93' title='bbox 178 1577 240 1644; x_wconf 77' lang='grc' dir='ltr'><strong>ἀπὸ</strong></span> <span class='ocrx_word' id='word_1_94' title='bbox 262 1583 358 1644; x_wconf 71' lang='grc' dir='ltr'><strong>δαίων</strong></span> <span class='ocrx_word' id='word_1_95' title='bbox 385 1582 553 1664; x_wconf 77' lang='grc' dir='ltr'><strong>βασιλικῶν</strong></span> <span class='ocrx_word' id='word_1_96' title='bbox 584 1581 755 1646; x_wconf 76' lang='grc' dir='ltr'><strong>κτλτύσατύν</strong></span> <span class='ocrx_word' id='word_1_97' title='bbox 778 1603 810 1644; x_wconf 81' lang='grc' dir='ltr'><strong>τι</strong></span> <span class='ocrx_word' id='word_1_98' title='bbox 843 1584 897 1674; x_wconf 85' lang='grc' dir='ltr'><strong>καί</strong></span> <span class='ocrx_word' id='word_1_99' title='bbox 918 1581 1114 1658; x_wconf 77' lang='grc' dir='ltr'><strong>διαγνύστων</strong></span> <span class='ocrx_word' id='word_1_100' title='bbox 1135 1579 1204 1643; x_wconf 80' lang='grc' dir='ltr'><strong>κατ’</strong></span> <span class='ocrx_word' id='word_1_101' title='bbox 1227 1581 1322 1645; x_wconf 69' lang='grc' dir='ltr'><strong>ἐκλο-</strong></span> 
     </span>
     <span class='ocr_line' id='line_1_12' title="bbox 96 1695 1322 1784; baseline 0.001 -22"><span class='ocrx_word' id='word_1_102' title='bbox 96 1700 153 1782; x_wconf 75' lang='grc' dir='ltr'><strong>γὴν</strong></span> <span class='ocrx_word' id='word_1_103' title='bbox 174 1704 231 1762; x_wconf 88' lang='grc' dir='ltr'><strong>καί</strong></span> <span class='ocrx_word' id='word_1_104' title='bbox 254 1695 401 1784; x_wconf 78' lang='grc' dir='ltr'><strong>μορισμύν</strong></span> <span class='ocrx_word' id='word_1_105' title='bbox 434 1698 702 1784; x_wconf 79' lang='grc' dir='ltr'><strong>άτοντντμημίνας</strong></span> <span class='ocrx_word' id='word_1_106' title='bbox 723 1704 778 1762; x_wconf 85' lang='grc' dir='ltr'><strong>καί</strong></span> <span class='ocrx_word' id='word_1_107' title='bbox 808 1705 1104 1782; x_wconf 79' lang='grc' dir='ltr'><strong>τροσκτκοροιμίνας</strong></span> <span class='ocrx_word' id='word_1_108' title='bbox 1123 1711 1161 1782; x_wconf 78' lang='grc' dir='ltr'><strong>τη</strong></span> <span class='ocrx_word' id='word_1_109' title='bbox 1184 1701 1322 1780; x_wconf 81' lang='grc' dir='ltr'><strong>βασιλίδι</strong></span> 
     </span>
     <span class='ocr_line' id='line_1_13' title="bbox 94 1815 1322 1903; baseline 0.002 -24"><span class='ocrx_word' id='word_1_110' title='bbox 94 1819 193 1901; x_wconf 68' lang='grc' dir='ltr'><strong>ταύτῃ</strong></span> <span class='ocrx_word' id='word_1_111' title='bbox 226 1827 285 1881; x_wconf 76' lang='grc' dir='ltr'><strong>τῶν</strong></span> <span class='ocrx_word' id='word_1_112' title='bbox 317 1815 367 1903; x_wconf 84' lang='grc' dir='ltr'><strong>ύρ’</strong></span> <span class='ocrx_word' id='word_1_113' title='bbox 387 1817 475 1903; x_wconf 80' lang='grc' dir='ltr'><strong>ἥλιον</strong></span> <span class='ocrx_word' id='word_1_114' title='bbox 496 1819 616 1883; x_wconf 81' lang='grc' dir='ltr'><strong>τύλτων</strong></span> <span class='ocrx_word' id='word_1_115' title='bbox 638 1815 766 1882; x_wconf 77' lang='grc' dir='ltr'><strong>άτασῶν</strong></span> <span class='ocrx_word' id='word_1_116' title='bbox 787 1822 843 1882; x_wconf 90' lang='grc' dir='ltr'><strong>καί</strong></span> <span class='ocrx_word' id='word_1_117' title='bbox 867 1815 924 1881; x_wconf 81' lang='grc' dir='ltr'><strong>ύτό</strong></span> <span class='ocrx_word' id='word_1_118' title='bbox 956 1819 1009 1900; x_wconf 77' lang='grc' dir='ltr'><strong>τὴν</strong></span> <span class='ocrx_word' id='word_1_119' title='bbox 1041 1817 1234 1900; x_wconf 81' lang='grc' dir='ltr'><strong>ίτικράττιαν</strong></span> <span class='ocrx_word' id='word_1_120' title='bbox 1266 1824 1322 1882; x_wconf 86' lang='grc' dir='ltr'><strong>καί</strong></span> 
     </span>
     <span class='ocr_line' id='line_1_14' title="bbox 40 1929 1321 2022; baseline 0.002 -26"><span class='ocrx_word' id='word_1_121' title='bbox 40 1929 45 1932; x_wconf 67' lang='grc'><strong>’</strong></span> <span class='ocrx_word' id='word_1_122' title='bbox 93 1931 247 2018; x_wconf 74' lang='grc' dir='ltr'><strong>δααρχίαν</strong></span> <span class='ocrx_word' id='word_1_123' title='bbox 269 1946 323 2020; x_wconf 77' lang='grc' dir='ltr'><strong>τῆς</strong></span> <span class='ocrx_word' id='word_1_124' title='bbox 345 1941 493 2022; x_wconf 83' lang='grc' dir='ltr'><strong>μαγίστης</strong></span> <span class='ocrx_word' id='word_1_125' title='bbox 514 1947 573 2000; x_wconf 77' lang='grc' dir='ltr'><strong>τῶν</strong></span> <span class='ocrx_word' id='word_1_126' title='bbox 596 1935 644 2001; x_wconf 78' lang='grc' dir='ltr'><strong>ύτί</strong></span> <span class='ocrx_word' id='word_1_127' title='bbox 666 1947 723 2022; x_wconf 75' lang='grc' dir='ltr'><strong>γῆς</strong></span> <span class='ocrx_word' id='word_1_128' title='bbox 743 1933 921 2020; x_wconf 80' lang='grc' dir='ltr'><strong>ἠγτμαινιων</strong></span> <span class='ocrx_word' id='word_1_129' title='bbox 945 1939 1000 1998; x_wconf 85' lang='grc' dir='ltr'><strong>καί</strong></span> <span class='ocrx_word' id='word_1_130' title='bbox 1022 1935 1126 2020; x_wconf 76' lang='grc' dir='ltr'><strong>ἀρχῶν</strong></span> <span class='ocrx_word' id='word_1_131' title='bbox 1151 1935 1321 2020; x_wconf 72' lang='grc' dir='ltr'><strong>ἡγεμονίας</strong></span> 
     </span>
     <span class='ocr_line' id='line_1_15' title="bbox 94 2030 1321 2140; baseline 0.002 -26"><span class='ocrx_word' id='word_1_132' title='bbox 94 2073 126 2114; x_wconf 86' lang='grc' dir='ltr'><strong>τι</strong></span> <span class='ocrx_word' id='word_1_133' title='bbox 158 2057 216 2116; x_wconf 86' lang='grc' dir='ltr'><strong>καί</strong></span> <span class='ocrx_word' id='word_1_134' title='bbox 248 2053 348 2138; x_wconf 75' lang='grc' dir='ltr'><strong>ἀρχῆς</strong></span> <span class='ocrx_word' id='word_1_135' title='bbox 380 2057 494 2139; x_wconf 85' lang='grc' dir='ltr'><strong>ταύτης</strong></span> <span class='ocrx_word' id='word_1_136' title='bbox 516 2057 555 2139; x_wconf 77' lang='grc' dir='ltr'><strong>δὴ</strong></span> <span class='ocrx_word' id='word_1_137' title='bbox 578 2065 633 2140; x_wconf 74' lang='grc' dir='ltr'><strong>τῆς</strong></span> <span class='ocrx_word' id='word_1_138' title='bbox 656 2030 823 2140; x_wconf 73' lang='grc' dir='ltr'><strong>ῥωμάῑκης.</strong></span> <span class='ocrx_word' id='word_1_139' title='bbox 857 2065 916 2117; x_wconf 80' lang='grc' dir='ltr'><strong>των</strong></span> <span class='ocrx_word' id='word_1_140' title='bbox 937 2051 963 2116; x_wconf 84' lang='grc' dir='ltr'><strong>δ’</strong></span> <span class='ocrx_word' id='word_1_141' title='bbox 987 2054 1020 2116; x_wconf 73' lang='grc' dir='ltr'><strong>δν</strong></span> <span class='ocrx_word' id='word_1_142' title='bbox 1045 2057 1101 2134; x_wconf 88' lang='grc' dir='ltr'><strong>βίῳ</strong></span> <span class='ocrx_word' id='word_1_143' title='bbox 1133 2059 1321 2137; x_wconf 81' lang='grc' dir='ltr'><strong>πραγμάτων</strong></span> 
     </span>
     <span class='ocr_line' id='line_1_16' title="bbox 97 2167 1318 2256; baseline 0.002 -24"><span class='ocrx_word' id='word_1_144' title='bbox 97 2168 238 2233; x_wconf 80' lang='grc' dir='ltr'><strong>ἀστάτων</strong></span> <span class='ocrx_word' id='word_1_145' title='bbox 259 2167 353 2234; x_wconf 81' lang='grc' dir='ltr'><strong>άντων</strong></span> <span class='ocrx_word' id='word_1_146' title='bbox 374 2176 429 2235; x_wconf 85' lang='grc' dir='ltr'><strong>καί</strong></span> <span class='ocrx_word' id='word_1_147' title='bbox 451 2171 635 2255; x_wconf 73' lang='grc' dir='ltr'><strong>ἀνωμάλων,</strong></span> <span class='ocrx_word' id='word_1_148' title='bbox 658 2171 770 2236; x_wconf 77' lang='grc' dir='ltr'><strong>άλλαττ</strong></span> <span class='ocrx_word' id='word_1_149' title='bbox 792 2171 894 2242; x_wconf 74' lang='grc' dir='ltr'><strong>ἄλλως</strong></span> <span class='ocrx_word' id='word_1_150' title='bbox 920 2175 1093 2256; x_wconf 84' lang='grc' dir='ltr'><strong>ρτρομίνων</strong></span> <span class='ocrx_word' id='word_1_151' title='bbox 1117 2175 1171 2233; x_wconf 84' lang='grc' dir='ltr'><strong>καὶ</strong></span> <span class='ocrx_word' id='word_1_152' title='bbox 1193 2193 1318 2252; x_wconf 82' lang='grc' dir='ltr'><strong>μττατι-</strong></span> 
     </span>
     <span class='ocr_line' id='line_1_17' title="bbox 94 2288 1320 2373; baseline 0.001 -23"><span class='ocrx_word' id='word_1_153' title='bbox 94 2290 246 2371; x_wconf 79' lang='grc' dir='ltr'><strong>δτμύνων,</strong></span> <span class='ocrx_word' id='word_1_154' title='bbox 268 2293 416 2373; x_wconf 82' lang='grc' dir='ltr'><strong>καδάττρ</strong></span> <span class='ocrx_word' id='word_1_155' title='bbox 438 2293 540 2372; x_wconf 89' lang='grc' dir='ltr'><strong>κύβων</strong></span> <span class='ocrx_word' id='word_1_156' title='bbox 563 2293 807 2372; x_wconf 82' lang='grc' dir='ltr'><strong>ματααιατύντων</strong></span> <span class='ocrx_word' id='word_1_157' title='bbox 829 2288 849 2372; x_wconf 79' lang='grc' dir='ltr'><strong>ἢ</strong></span> <span class='ocrx_word' id='word_1_158' title='bbox 872 2291 962 2372; x_wconf 89' lang='grc' dir='ltr'><strong>δίκην</strong></span> <span class='ocrx_word' id='word_1_159' title='bbox 984 2290 1081 2351; x_wconf 84' lang='grc' dir='ltr'><strong>σάλου</strong></span> <span class='ocrx_word' id='word_1_160' title='bbox 1095 2293 1149 2350; x_wconf 83' lang='grc' dir='ltr'><strong>καί</strong></span> <span class='ocrx_word' id='word_1_161' title='bbox 1163 2289 1320 2360; x_wconf 74' lang='grc' dir='ltr'><strong>κλύδωνος</strong></span> 
     </span>
     <span class='ocr_line' id='line_1_18' title="bbox 92 2405 1318 2492; baseline 0.001 -25"><span class='ocrx_word' id='word_1_162' title='bbox 92 2409 147 2468; x_wconf 83' lang='grc' dir='ltr'><strong>καί</strong></span> <span class='ocrx_word' id='word_1_163' title='bbox 169 2409 315 2490; x_wconf 81' lang='grc' dir='ltr'><strong>μηδύλας</strong></span> <span class='ocrx_word' id='word_1_164' title='bbox 336 2406 385 2472; x_wconf 73' lang='grc' dir='ltr'><strong>λαὶ</strong></span> <span class='ocrx_word' id='word_1_165' title='bbox 406 2405 517 2472; x_wconf 88' lang='grc' dir='ltr'><strong>ταύτού</strong></span> <span class='ocrx_word' id='word_1_166' title='bbox 540 2407 722 2490; x_wconf 57' lang='grc' dir='ltr'><strong>ἱσταμένων,</strong></span> <span class='ocrx_word' id='word_1_167' title='bbox 748 2405 849 2492; x_wconf 71' lang='grc' dir='ltr'><strong>ἥψατο</strong></span> <span class='ocrx_word' id='word_1_168' title='bbox 871 2410 926 2470; x_wconf 84' lang='grc' dir='ltr'><strong>καί</strong></span> <span class='ocrx_word' id='word_1_169' title='bbox 948 2410 1060 2491; x_wconf 87' lang='grc' dir='ltr'><strong>ταύτης</strong></span> <span class='ocrx_word' id='word_1_170' title='bbox 1092 2408 1130 2490; x_wconf 79' lang='grc' dir='ltr'><strong>δὴ</strong></span> <span class='ocrx_word' id='word_1_171' title='bbox 1154 2417 1208 2490; x_wconf 75' lang='grc' dir='ltr'><strong>τῆς</strong></span> <span class='ocrx_word' id='word_1_172' title='bbox 1229 2405 1318 2470; x_wconf 82' lang='grc' dir='ltr'><strong>Ναο·</strong></span> 
     </span>
     <span class='ocr_line' id='line_1_19' title="bbox 91 2522 1317 2620; baseline 0.001 -36"><span class='ocrx_word' id='word_1_173' title='bbox 91 2527 212 2585; x_wconf 79' lang='grc' dir='ltr'><strong>κάκτον</strong></span> <span class='ocrx_word' id='word_1_174' title='bbox 235 2527 403 2620; x_wconf 72' lang='grc' dir='ltr'><strong>μεταβολῇ,</strong></span> <span class='ocrx_word' id='word_1_175' title='bbox 427 2525 477 2589; x_wconf 89' lang='grc' dir='ltr'><strong>οία</strong></span> <span class='ocrx_word' id='word_1_176' title='bbox 498 2527 537 2610; x_wconf 72' lang='grc' dir='ltr'><strong>δὴ</strong></span> <span class='ocrx_word' id='word_1_177' title='bbox 560 2529 599 2589; x_wconf 86' lang='grc' dir='ltr'><strong>τά</strong></span> <span class='ocrx_word' id='word_1_178' title='bbox 621 2523 812 2608; x_wconf 78' lang='grc' dir='ltr'><strong>ἂνδρύτινα,</strong></span> <span class='ocrx_word' id='word_1_179' title='bbox 834 2530 917 2588; x_wconf 81' lang='grc' dir='ltr'><strong>κατὰ</strong></span> <span class='ocrx_word' id='word_1_180' title='bbox 938 2529 997 2606; x_wconf 89' lang='grc' dir='ltr'><strong>γάρ</strong></span> <span class='ocrx_word' id='word_1_181' title='bbox 1019 2545 1077 2588; x_wconf 84' lang='grc' dir='ltr'><strong>τοο</strong></span> <span class='ocrx_word' id='word_1_182' title='bbox 1099 2527 1134 2587; x_wconf 88' lang='grc' dir='ltr'><strong>τύ</strong></span> <span class='ocrx_word' id='word_1_183' title='bbox 1156 2522 1317 2606; x_wconf 77' lang='grc' dir='ltr'><strong>ίξακιαχι-</strong></span> 
     </span>
     <span class='ocr_line' id='line_1_20' title="bbox 92 2637 1319 2727; baseline 0.002 -27"><span class='ocrx_word' id='word_1_184' title='bbox 92 2639 216 2704; x_wconf 82' lang='grc' dir='ltr'><strong>λιοστύν</strong></span> <span class='ocrx_word' id='word_1_185' title='bbox 241 2643 482 2706; x_wconf 76' lang='grc' dir='ltr'><strong>λττακοσιοστύν</strong></span> <span class='ocrx_word' id='word_1_186' title='bbox 505 2641 707 2727; x_wconf 73' lang='grc' dir='ltr'><strong>ύντνηκοστύν</strong></span> <span class='ocrx_word' id='word_1_187' title='bbox 730 2647 829 2726; x_wconf 87' lang='grc' dir='ltr'><strong>τρίτον</strong></span> <span class='ocrx_word' id='word_1_188' title='bbox 851 2643 920 2713; x_wconf 75' lang='grc' dir='ltr'><strong>ύτος</strong></span> <span class='ocrx_word' id='word_1_189' title='bbox 953 2641 1141 2723; x_wconf 79' lang='grc' dir='ltr'><strong>άττστάσδη</strong></span> <span class='ocrx_word' id='word_1_190' title='bbox 1164 2648 1218 2703; x_wconf 86' lang='grc' dir='ltr'><strong>καί</strong></span> <span class='ocrx_word' id='word_1_191' title='bbox 1240 2637 1319 2724; x_wconf 70' lang='grc' dir='ltr'><strong>αὕτη</strong></span> 
     </span>
     <span class='ocr_line' id='line_1_21' title="bbox 90 2753 1317 2844; baseline 0.001 -24"><span class='ocrx_word' id='word_1_192' title='bbox 90 2757 151 2821; x_wconf 63' lang='lat' dir='ltr'><strong>&amp;aa</strong></span> <span class='ocrx_word' id='word_1_193' title='bbox 173 2768 229 2842; x_wconf 81' lang='grc' dir='ltr'><strong>της</strong></span> <span class='ocrx_word' id='word_1_194' title='bbox 251 2753 410 2844; x_wconf 82' lang='grc' dir='ltr'><strong>ῥωμαῑκής</strong></span> <span class='ocrx_word' id='word_1_195' title='bbox 432 2759 572 2834; x_wconf 74' lang='grc' dir='ltr'><strong>ίξοοσίας</strong></span> <span class='ocrx_word' id='word_1_196' title='bbox 594 2756 651 2824; x_wconf 78' lang='grc' dir='ltr'><strong>ύκύ</strong></span> <span class='ocrx_word' id='word_1_197' title='bbox 684 2770 743 2823; x_wconf 71' lang='grc' dir='ltr'><strong>τῶν</strong></span> <span class='ocrx_word' id='word_1_198' title='bbox 777 2758 935 2831; x_wconf 74' lang='grc' dir='ltr'><strong>σίλαῑύνων</strong></span> <span class='ocrx_word' id='word_1_199' title='bbox 966 2758 1022 2821; x_wconf 79' lang='grc' dir='ltr'><strong>καὶ</strong></span> <span class='ocrx_word' id='word_1_200' title='bbox 1050 2759 1217 2842; x_wconf 80' lang='grc' dir='ltr'><strong>άγτριύχων</strong></span> <span class='ocrx_word' id='word_1_201' title='bbox 1243 2761 1317 2822; x_wconf 84' lang='grc' dir='ltr'><strong>τού-</strong></span> 
     </span>
     <span class='ocr_line' id='line_1_22' title="bbox 91 2875 1318 2960; baseline 0.001 -23"><span class='ocrx_word' id='word_1_202' title='bbox 91 2895 151 2938; x_wconf 85' lang='grc' dir='ltr'><strong>των</strong></span> <span class='ocrx_word' id='word_1_203' title='bbox 185 2881 240 2940; x_wconf 85' lang='grc' dir='ltr'><strong>καί</strong></span> <span class='ocrx_word' id='word_1_204' title='bbox 261 2877 452 2943; x_wconf 76' lang='grc' dir='ltr'><strong>αλτοντκτύν</strong></span> <span class='ocrx_word' id='word_1_205' title='bbox 474 2877 606 2942; x_wconf 79' lang='grc' dir='ltr'><strong>Ἰταλῶν.</strong></span> <span class='ocrx_word' id='word_1_206' title='bbox 634 2875 651 2942; x_wconf 84' lang='grc' dir='ltr'><strong>δ</strong></span> <span class='ocrx_word' id='word_1_207' title='bbox 678 2879 713 2939; x_wconf 88' lang='grc' dir='ltr'><strong>δί</strong></span> <span class='ocrx_word' id='word_1_208' title='bbox 736 2897 771 2954; x_wconf 88' lang='grc' dir='ltr'><strong>γι</strong></span> <span class='ocrx_word' id='word_1_209' title='bbox 797 2882 1056 2960; x_wconf 79' lang='grc' dir='ltr'><strong>τρισμακάριστος</strong></span> <span class='ocrx_word' id='word_1_210' title='bbox 1087 2882 1141 2939; x_wconf 84' lang='grc' dir='ltr'><strong>καὶ</strong></span> <span class='ocrx_word' id='word_1_211' title='bbox 1175 2875 1318 2960; x_wconf 74' lang='grc' dir='ltr'><strong>ἀοίδιμος</strong></span> 
     </span>
     <span class='ocr_line' id='line_1_23' title="bbox 91 2993 1320 3078; baseline 0.003 -24"><span class='ocrx_word' id='word_1_212' title='bbox 91 2997 147 3056; x_wconf 84' lang='grc' dir='ltr'><strong>καί</strong></span> <span class='ocrx_word' id='word_1_213' title='bbox 180 2999 362 3078; x_wconf 80' lang='grc' dir='ltr'><strong>ττριβύητος</strong></span> <span class='ocrx_word' id='word_1_214' title='bbox 396 2995 427 3059; x_wconf 76' lang='grc' dir='ltr'><strong>ύν</strong></span> <span class='ocrx_word' id='word_1_215' title='bbox 462 2997 649 3078; x_wconf 72' lang='grc' dir='ltr'><strong>βασιλεῦσιν,</strong></span> <span class='ocrx_word' id='word_1_216' title='bbox 682 3003 769 3078; x_wconf 83' lang='grc' dir='ltr'><strong>κύρις</strong></span> <span class='ocrx_word' id='word_1_217' title='bbox 790 2993 986 3078; x_wconf 77' lang='grc' dir='ltr'><strong>Ἀνδρόνικος</strong></span> <span class='ocrx_word' id='word_1_218' title='bbox 1008 2993 1025 3058; x_wconf 81' lang='grc' dir='ltr'><strong>ὁ</strong></span> <span class='ocrx_word' id='word_1_219' title='bbox 1050 2993 1320 3072; x_wconf 83' lang='grc' dir='ltr'><strong>Παλαιολύγος,δ</strong></span> 
     </span>
     <span class='ocr_line' id='line_1_24' title="bbox 89 3109 1318 3196; baseline 0.001 -23"><span class='ocrx_word' id='word_1_220' title='bbox 89 3115 271 3194; x_wconf 80' lang='grc' dir='ltr'><strong>τρύαακαος</strong></span> <span class='ocrx_word' id='word_1_221' title='bbox 292 3124 345 3176; x_wconf 85' lang='grc' dir='ltr'><strong>τού</strong></span> <span class='ocrx_word' id='word_1_222' title='bbox 369 3112 429 3177; x_wconf 81' lang='grc' dir='ltr'><strong>ἀαύ</strong></span> <span class='ocrx_word' id='word_1_223' title='bbox 451 3115 529 3176; x_wconf 80' lang='grc' dir='ltr'><strong>δτού</strong></span> <span class='ocrx_word' id='word_1_224' title='bbox 551 3119 715 3196; x_wconf 87' lang='grc' dir='ltr'><strong>κρατίστοο</strong></span> <span class='ocrx_word' id='word_1_225' title='bbox 734 3117 790 3175; x_wconf 87' lang='grc' dir='ltr'><strong>καί</strong></span> <span class='ocrx_word' id='word_1_226' title='bbox 806 3111 895 3188; x_wconf 83' lang='grc' dir='ltr'><strong>άγύοο</strong></span> <span class='ocrx_word' id='word_1_227' title='bbox 910 3134 969 3195; x_wconf 82' lang='grc' dir='ltr'><strong>μου</strong></span> <span class='ocrx_word' id='word_1_228' title='bbox 985 3109 1225 3194; x_wconf 73' lang='grc' dir='ltr'><strong>αὐτοκράτορος,</strong></span> <span class='ocrx_word' id='word_1_229' title='bbox 1240 3113 1318 3193; x_wconf 83' lang='grc' dir='ltr'><strong>δτρ-</strong></span> 
     </span>
     <span class='ocr_line' id='line_1_25' title="bbox 90 3226 1319 3314; baseline 0.001 -23"><span class='ocrx_word' id='word_1_230' title='bbox 90 3233 148 3312; x_wconf 90' lang='grc' dir='ltr'><strong>μύν</strong></span> <span class='ocrx_word' id='word_1_231' title='bbox 171 3251 240 3293; x_wconf 89' lang='grc' dir='ltr'><strong>τινα</strong></span> <span class='ocrx_word' id='word_1_232' title='bbox 260 3235 315 3293; x_wconf 88' lang='grc' dir='ltr'><strong>καί</strong></span> <span class='ocrx_word' id='word_1_233' title='bbox 336 3228 480 3314; x_wconf 88' lang='grc' dir='ltr'><strong>διάτορον</strong></span> <span class='ocrx_word' id='word_1_234' title='bbox 504 3233 597 3314; x_wconf 79' lang='grc' dir='ltr'><strong>ζηλον</strong></span> <span class='ocrx_word' id='word_1_235' title='bbox 619 3229 651 3294; x_wconf 80' lang='grc' dir='ltr'><strong>λν</strong></span> <span class='ocrx_word' id='word_1_236' title='bbox 672 3231 787 3314; x_wconf 75' lang='grc' dir='ltr'><strong>καρδία</strong></span> <span class='ocrx_word' id='word_1_237' title='bbox 810 3232 972 3310; x_wconf 70' lang='grc' dir='ltr'><strong>βαστάζων</strong></span> <span class='ocrx_word' id='word_1_238' title='bbox 1004 3227 1055 3292; x_wconf 78' lang='grc' dir='ltr'><strong>ἀτί</strong></span> <span class='ocrx_word' id='word_1_239' title='bbox 1092 3226 1165 3312; x_wconf 79' lang='grc' dir='ltr'><strong>ύττίρ</strong></span> <span class='ocrx_word' id='word_1_240' title='bbox 1198 3253 1230 3292; x_wconf 83' lang='grc' dir='ltr'><strong>τι</strong></span> <span class='ocrx_word' id='word_1_241' title='bbox 1257 3239 1319 3313; x_wconf 74' lang='grc' dir='ltr'><strong>τῆς</strong></span> 
     </span>
     <span class='ocr_line' id='line_1_26' title="bbox 91 3343 1316 3432; baseline 0 -22"><span class='ocrx_word' id='word_1_242' title='bbox 91 3345 186 3425; x_wconf 80' lang='grc' dir='ltr'><strong>άγίας</strong></span> <span class='ocrx_word' id='word_1_243' title='bbox 207 3356 261 3412; x_wconf 85' lang='grc' dir='ltr'><strong>τού</strong></span> <span class='ocrx_word' id='word_1_244' title='bbox 282 3351 360 3411; x_wconf 72' lang='grc' dir='ltr'><strong>δτού</strong></span> <span class='ocrx_word' id='word_1_245' title='bbox 382 3346 552 3432; x_wconf 64' lang='grc' dir='ltr'><strong>ἐκκλησίας</strong></span> <span class='ocrx_word' id='word_1_246' title='bbox 573 3353 628 3412; x_wconf 85' lang='grc' dir='ltr'><strong>καί</strong></span> <span class='ocrx_word' id='word_1_247' title='bbox 650 3358 708 3410; x_wconf 78' lang='grc' dir='ltr'><strong>τῶν</strong></span> <span class='ocrx_word' id='word_1_248' title='bbox 730 3346 834 3430; x_wconf 79' lang='grc' dir='ltr'><strong>ύρθιύν</strong></span> <span class='ocrx_word' id='word_1_249' title='bbox 856 3349 968 3431; x_wconf 86' lang='grc' dir='ltr'><strong>ταύτης</strong></span> <span class='ocrx_word' id='word_1_250' title='bbox 990 3345 1163 3428; x_wconf 80' lang='grc' dir='ltr'><strong>δογμάτων,</strong></span> <span class='ocrx_word' id='word_1_251' title='bbox 1186 3343 1260 3429; x_wconf 85' lang='grc' dir='ltr'><strong>ύτίρ</strong></span> <span class='ocrx_word' id='word_1_252' title='bbox 1283 3370 1316 3410; x_wconf 86' lang='grc' dir='ltr'><strong>το</strong></span> 
     </span>
     <span class='ocr_line' id='line_1_27' title="bbox 88 3467 1315 3550; baseline -0.002 -20"><span class='ocrx_word' id='word_1_253' title='bbox 88 3475 145 3549; x_wconf 72' lang='grc' dir='ltr'><strong>τῆς</strong></span> <span class='ocrx_word' id='word_1_254' title='bbox 169 3476 382 3550; x_wconf 80' lang='grc' dir='ltr'><strong>χριστιανικης</strong></span> <span class='ocrx_word' id='word_1_255' title='bbox 403 3467 559 3539; x_wconf 79' lang='grc' dir='ltr'><strong>αολιττίας</strong></span> <span class='ocrx_word' id='word_1_256' title='bbox 580 3472 636 3530; x_wconf 85' lang='grc' dir='ltr'><strong>καί</strong></span> <span class='ocrx_word' id='word_1_257' title='bbox 656 3471 876 3536; x_wconf 78' lang='grc' dir='ltr'><strong>καταστάστως</strong></span> <span class='ocrx_word' id='word_1_258' title='bbox 898 3471 952 3528; x_wconf 86' lang='grc' dir='ltr'><strong>καί</strong></span> <span class='ocrx_word' id='word_1_259' title='bbox 985 3477 1039 3528; x_wconf 79' lang='grc' dir='ltr'><strong>τοῦ</strong></span> <span class='ocrx_word' id='word_1_260' title='bbox 1061 3469 1176 3548; x_wconf 85' lang='grc' dir='ltr'><strong>ταύτης</strong></span> <span class='ocrx_word' id='word_1_261' title='bbox 1197 3467 1315 3528; x_wconf 82' lang='grc' dir='ltr'><strong>πλατο-</strong></span> 
     </span>
     <span class='ocr_line' id='line_1_28' title="bbox 91 3581 1317 3667; baseline 0 -22"><span class='ocrx_word' id='word_1_262' title='bbox 91 3593 182 3666; x_wconf 86' lang='grc' dir='ltr'><strong>σμού,</strong></span> <span class='ocrx_word' id='word_1_263' title='bbox 206 3585 369 3666; x_wconf 76' lang='grc' dir='ltr'><strong>διωρίσατο</strong></span> <span class='ocrx_word' id='word_1_264' title='bbox 390 3589 446 3647; x_wconf 81' lang='grc' dir='ltr'><strong>καί</strong></span> <span class='ocrx_word' id='word_1_265' title='bbox 469 3583 627 3660; x_wconf 75' lang='grc' dir='ltr'><strong>ίδίστιστ,</strong></span> <span class='ocrx_word' id='word_1_266' title='bbox 650 3584 704 3667; x_wconf 74' lang='grc' dir='ltr'><strong>τὴν</strong></span> <span class='ocrx_word' id='word_1_267' title='bbox 725 3587 871 3666; x_wconf 72' lang='grc' dir='ltr'><strong>πρότερον</strong></span> <span class='ocrx_word' id='word_1_268' title='bbox 887 3582 931 3654; x_wconf 87' lang='grc' dir='ltr'><strong>τίς</strong></span> <span class='ocrx_word' id='word_1_269' title='bbox 954 3583 1122 3666; x_wconf 72' lang='grc' dir='ltr'><strong>άτισκοτήν</strong></span> <span class='ocrx_word' id='word_1_270' title='bbox 1144 3581 1240 3645; x_wconf 77' lang='grc' dir='ltr'><strong>οὖσαν</strong></span> <span class='ocrx_word' id='word_1_271' title='bbox 1262 3593 1317 3666; x_wconf 81' lang='grc' dir='ltr'><strong>της</strong></span> 
     </span>
    </p>
   </div>
   <div class='ocr_carea' id='block_1_3' title="bbox 92 3678 1445 3789">
    <p class='ocr_par' dir='ltr' id='par_1_3' title="bbox 92 3678 1445 3789">
     <span class='ocr_line' id='line_1_29' title="bbox 92 3678 1445 3789; baseline -0.002 -25"><span class='ocrx_word' id='word_1_272' title='bbox 92 3699 293 3776; x_wconf 79' lang='grc' dir='ltr'><strong>Ναοαάκτοο,</strong></span> <span class='ocrx_word' id='word_1_273' title='bbox 317 3706 356 3764; x_wconf 85' lang='grc' dir='ltr'><strong>τά</strong></span> <span class='ocrx_word' id='word_1_274' title='bbox 377 3701 541 3778; x_wconf 82' lang='grc' dir='ltr'><strong>Ἰωάνντνα,</strong></span> <span class='ocrx_word' id='word_1_275' title='bbox 562 3706 617 3764; x_wconf 87' lang='grc' dir='ltr'><strong>καί</strong></span> <span class='ocrx_word' id='word_1_276' title='bbox 639 3678 696 3765; x_wconf 82' lang='grc' dir='ltr'><strong>ύτύ</strong></span> <span class='ocrx_word' id='word_1_277' title='bbox 729 3705 841 3785; x_wconf 88' lang='grc' dir='ltr'><strong>ταύτην</strong></span> <span class='ocrx_word' id='word_1_278' title='bbox 867 3703 1018 3764; x_wconf 82' lang='grc' dir='ltr'><strong>τιλούσαν</strong></span> <span class='ocrx_word' id='word_1_279' title='bbox 1044 3703 1252 3789; x_wconf 74' lang='grc' dir='ltr'><strong>μιταττύῆναι</strong></span> <span class='ocrx_word' id='word_1_280' title='bbox 1274 3699 1318 3772; x_wconf 76' lang='grc' dir='ltr'><strong>τἰς</strong></span> <span class='ocrx_word' id='word_1_281' title='bbox 1440 3707 1445 3718; x_wconf 86' lang='grc'><em>“</em></span> 
     </span>
    </p>
   </div>
   <div class='ocr_carea' id='block_1_4' title="bbox 26 3811 1319 4500">
    <p class='ocr_par' dir='ltr' id='par_1_4' title="bbox 26 3811 1319 4500">
     <span class='ocr_line' id='line_1_30' title="bbox 89 3811 1319 3903; baseline -0.001 -23"><span class='ocrx_word' id='word_1_282' title='bbox 89 3819 290 3902; x_wconf 74' lang='grc' dir='ltr'><strong>μητρύτολιν,</strong></span> <span class='ocrx_word' id='word_1_283' title='bbox 308 3827 413 3882; x_wconf 86' lang='grc' dir='ltr'><strong>τούτο</strong></span> <span class='ocrx_word' id='word_1_284' title='bbox 440 3824 505 3903; x_wconf 81' lang='grc' dir='ltr'><strong>μίν,</strong></span> <span class='ocrx_word' id='word_1_285' title='bbox 526 3819 578 3883; x_wconf 75' lang='grc' dir='ltr'><strong>ἵνα</strong></span> <span class='ocrx_word' id='word_1_286' title='bbox 610 3822 645 3883; x_wconf 90' lang='grc' dir='ltr'><strong>τύ</strong></span> <span class='ocrx_word' id='word_1_287' title='bbox 661 3811 663 3815; x_wconf 60' lang='grc'><strong>’</strong></span> <span class='ocrx_word' id='word_1_288' title='bbox 678 3827 733 3902; x_wconf 78' lang='grc' dir='ltr'><strong>τῆς</strong></span> <span class='ocrx_word' id='word_1_289' title='bbox 756 3817 1012 3902; x_wconf 78' lang='grc' dir='ltr'><strong>άαοστααδιίσης</strong></span> <span class='ocrx_word' id='word_1_290' title='bbox 1036 3821 1251 3902; x_wconf 84' lang='grc' dir='ltr'><strong>μητροττύλτως</strong></span> <span class='ocrx_word' id='word_1_291' title='bbox 1285 3819 1319 3881; x_wconf 79' lang='grc' dir='ltr'><strong>δν</strong></span> 
     </span>
     <span class='ocr_line' id='line_1_31' title="bbox 89 3933 1317 4027; baseline 0 -29"><span class='ocrx_word' id='word_1_292' title='bbox 89 3933 170 4020; x_wconf 77' lang='grc' dir='ltr'><strong>αύτη</strong></span> <span class='ocrx_word' id='word_1_293' title='bbox 192 3937 376 4008; x_wconf 80' lang='grc' dir='ltr'><strong>διασύζοιτο</strong></span> <span class='ocrx_word' id='word_1_294' title='bbox 397 3942 452 4000; x_wconf 87' lang='grc' dir='ltr'><strong>καί</strong></span> <span class='ocrx_word' id='word_1_295' title='bbox 474 3940 647 4027; x_wconf 80' lang='grc' dir='ltr'><strong>διατηροῑτο</strong></span> <span class='ocrx_word' id='word_1_296' title='bbox 669 3946 788 4021; x_wconf 73' lang='grc' dir='ltr'><strong>σχῆμα,</strong></span> <span class='ocrx_word' id='word_1_297' title='bbox 810 3943 865 4000; x_wconf 87' lang='grc' dir='ltr'><strong>καί</strong></span> <span class='ocrx_word' id='word_1_298' title='bbox 888 3939 930 4021; x_wconf 82' lang='grc' dir='ltr'><strong>μή</strong></span> <span class='ocrx_word' id='word_1_299' title='bbox 945 3937 1091 4021; x_wconf 69' lang='grc' dir='ltr'><strong>καοχῷτο</strong></span> <span class='ocrx_word' id='word_1_300' title='bbox 1106 3939 1141 3998; x_wconf 86' lang='grc' dir='ltr'><strong>τύ</strong></span> <span class='ocrx_word' id='word_1_301' title='bbox 1156 3941 1244 4012; x_wconf 84' lang='grc' dir='ltr'><strong>γίνος</strong></span> <span class='ocrx_word' id='word_1_302' title='bbox 1258 3947 1317 3998; x_wconf 79' lang='grc' dir='ltr'><strong>τῶν</strong></span> 
     </span>
     <span class='ocr_line' id='line_1_32' title="bbox 86 4049 1315 4140; baseline 0.001 -25"><span class='ocrx_word' id='word_1_303' title='bbox 86 4049 212 4116; x_wconf 70' lang='grc' dir='ltr'><strong>Ἰταλῶν</strong></span> <span class='ocrx_word' id='word_1_304' title='bbox 244 4065 380 4138; x_wconf 71' lang='grc' dir='ltr'><strong>μτιῦοαν</strong></span> <span class='ocrx_word' id='word_1_305' title='bbox 412 4057 465 4118; x_wconf 88' lang='grc' dir='ltr'><strong>τύν</strong></span> <span class='ocrx_word' id='word_1_306' title='bbox 496 4059 552 4126; x_wconf 76' lang='grc' dir='ltr'><strong>τὰς</strong></span> <span class='ocrx_word' id='word_1_307' title='bbox 573 4052 649 4126; x_wconf 81' lang='grc' dir='ltr'><strong>ὅλας</strong></span> <span class='ocrx_word' id='word_1_308' title='bbox 672 4057 908 4140; x_wconf 86' lang='grc' dir='ltr'><strong>σομτληρούντα</strong></span> <span class='ocrx_word' id='word_1_309' title='bbox 942 4054 1078 4138; x_wconf 76' lang='grc' dir='ltr'><strong>άριδμύν</strong></span> <span class='ocrx_word' id='word_1_310' title='bbox 1111 4055 1315 4138; x_wconf 72' lang='grc' dir='ltr'><strong>μητροπόλεις</strong></span> 
     </span>
     <span class='ocr_line' id='line_1_33' title="bbox 86 4165 1317 4258; baseline 0.001 -25"><span class='ocrx_word' id='word_1_311' title='bbox 86 4175 143 4242; x_wconf 82' lang='grc' dir='ltr'><strong>τάς</strong></span> <span class='ocrx_word' id='word_1_312' title='bbox 176 4165 234 4234; x_wconf 78' lang='grc' dir='ltr'><strong>ύκύ</strong></span> <span class='ocrx_word' id='word_1_313' title='bbox 267 4173 320 4234; x_wconf 88' lang='grc' dir='ltr'><strong>τύν</strong></span> <span class='ocrx_word' id='word_1_314' title='bbox 351 4181 407 4256; x_wconf 79' lang='grc' dir='ltr'><strong>τῆς</strong></span> <span class='ocrx_word' id='word_1_315' title='bbox 437 4173 523 4245; x_wconf 85' lang='grc' dir='ltr'><strong>Νίας</strong></span> <span class='ocrx_word' id='word_1_316' title='bbox 543 4171 663 4258; x_wconf 72' lang='grc' dir='ltr'><strong>Ῥώμης</strong></span> <span class='ocrx_word' id='word_1_317' title='bbox 695 4176 846 4246; x_wconf 86' lang='grc' dir='ltr'><strong>ττλούσοις</strong></span> <span class='ocrx_word' id='word_1_318' title='bbox 872 4179 925 4236; x_wconf 85' lang='grc' dir='ltr'><strong>καί</strong></span> <span class='ocrx_word' id='word_1_319' title='bbox 947 4174 1171 4255; x_wconf 80' lang='grc' dir='ltr'><strong>οίκοομτνικύν,</strong></span> <span class='ocrx_word' id='word_1_320' title='bbox 1203 4177 1258 4234; x_wconf 84' lang='grc' dir='ltr'><strong>καί</strong></span> <span class='ocrx_word' id='word_1_321' title='bbox 1281 4174 1317 4235; x_wconf 90' lang='grc' dir='ltr'><strong>τύ</strong></span> 
     </span>
     <span class='ocr_line' id='line_1_34' title="bbox 90 4287 1312 4376; baseline -0.001 -23"><span class='ocrx_word' id='word_1_322' title='bbox 90 4291 236 4374; x_wconf 83' lang='grc' dir='ltr'><strong>ρρύαγμα</strong></span> <span class='ocrx_word' id='word_1_323' title='bbox 258 4291 373 4354; x_wconf 86' lang='grc' dir='ltr'><strong>τούτων</strong></span> <span class='ocrx_word' id='word_1_324' title='bbox 395 4291 539 4355; x_wconf 78' lang='grc' dir='ltr'><strong>ίντιύδαν</strong></span> <span class='ocrx_word' id='word_1_325' title='bbox 565 4296 704 4376; x_wconf 85' lang='grc' dir='ltr'><strong>ραίνοιτο</strong></span> <span class='ocrx_word' id='word_1_326' title='bbox 737 4293 1065 4375; x_wconf 84' lang='grc' dir='ltr'><strong>καταστορτννύμτνον,</strong></span> <span class='ocrx_word' id='word_1_327' title='bbox 1101 4300 1190 4354; x_wconf 81' lang='grc' dir='ltr'><strong>τοῦτο</strong></span> <span class='ocrx_word' id='word_1_328' title='bbox 1212 4287 1239 4353; x_wconf 81' lang='grc' dir='ltr'><strong>δ’</strong></span> <span class='ocrx_word' id='word_1_329' title='bbox 1259 4287 1312 4352; x_wconf 84' lang='grc' dir='ltr'><strong>ἰ’να</strong></span> 
     </span>
     <span class='ocr_line' id='line_1_35' title="bbox 26 4403 1311 4500; baseline -0.001 -28"><span class='ocrx_word' id='word_1_330' title='bbox 26 4465 29 4472; x_wconf 93' lang='grc'><em>.</em></span> <span class='ocrx_word' id='word_1_331' title='bbox 88 4411 142 4469; x_wconf 86' lang='grc' dir='ltr'><strong>καί</strong></span> <span class='ocrx_word' id='word_1_332' title='bbox 163 4405 197 4470; x_wconf 78' lang='grc' dir='ltr'><strong>αἱ</strong></span> <span class='ocrx_word' id='word_1_333' title='bbox 218 4403 266 4471; x_wconf 70' lang='grc' dir='ltr'><strong>ὑπ’</strong></span> <span class='ocrx_word' id='word_1_334' title='bbox 289 4405 384 4491; x_wconf 76' lang='grc' dir='ltr'><strong>αύτήν</strong></span> <span class='ocrx_word' id='word_1_335' title='bbox 406 4405 497 4472; x_wconf 88' lang='grc' dir='ltr'><strong>ούσαι</strong></span> <span class='ocrx_word' id='word_1_336' title='bbox 519 4407 684 4474; x_wconf 71' lang='grc' dir='ltr'><strong>δτισκοκαί</strong></span> <span class='ocrx_word' id='word_1_337' title='bbox 706 4407 763 4474; x_wconf 87' lang='grc' dir='ltr'><strong>ύττύ</strong></span> <span class='ocrx_word' id='word_1_338' title='bbox 787 4416 859 4500; x_wconf 90' lang='grc' dir='ltr'><strong>μίαν</strong></span> <span class='ocrx_word' id='word_1_339' title='bbox 885 4412 1071 4493; x_wconf 87' lang='grc' dir='ltr'><strong>μητρύκολιν</strong></span> <span class='ocrx_word' id='word_1_340' title='bbox 1103 4409 1215 4474; x_wconf 76' lang='grc' dir='ltr'><strong>ύσκντί</strong></span> <span class='ocrx_word' id='word_1_341' title='bbox 1247 4430 1311 4490; x_wconf 88' lang='grc' dir='ltr'><strong>μη·</strong></span> 
     </span>
    </p>
   </div>
   <div class='ocr_carea' id='block_1_5' title="bbox 89 4523 1312 4631">
    <p class='ocr_par' dir='ltr' id='par_1_5' title="bbox 89 4523 1312 4631">
     <span class='ocr_line' id='line_1_36' title="bbox 89 4523 1312 4631; baseline 0.005 -46"><span class='ocrx_word' id='word_1_342' title='bbox 89 4527 160 4606; x_wconf 80' lang='grc' dir='ltr'><strong>τίρα</strong></span> <span class='ocrx_word' id='word_1_343' title='bbox 191 4523 214 4609; x_wconf 75' lang='grc' dir='ltr'><strong>η</strong></span> <span class='ocrx_word' id='word_1_344' title='bbox 244 4525 386 4621; x_wconf 76' lang='grc' dir='ltr'><strong>κτραλην</strong></span> <span class='ocrx_word' id='word_1_345' title='bbox 407 4529 573 4604; x_wconf 86' lang='grc' dir='ltr'><strong>τάττοιντο,</strong></span> <span class='ocrx_word' id='word_1_346' title='bbox 606 4525 649 4612; x_wconf 71' lang='grc' dir='ltr'><strong>ὃς</strong></span> <span class='ocrx_word' id='word_1_347' title='bbox 671 4528 715 4600; x_wconf 82' lang='grc' dir='ltr'><strong>τίς</strong></span> <span class='ocrx_word' id='word_1_348' title='bbox 737 4547 804 4592; x_wconf 90' lang='grc' dir='ltr'><strong>τινα</strong></span> <span class='ocrx_word' id='word_1_349' title='bbox 826 4525 927 4612; x_wconf 78' lang='grc' dir='ltr'><strong>ἀρχὴν</strong></span> <span class='ocrx_word' id='word_1_350' title='bbox 953 4527 1052 4612; x_wconf 76' lang='grc' dir='ltr'><strong>ἄλλην</strong></span> <span class='ocrx_word' id='word_1_351' title='bbox 1076 4527 1312 4631; x_wconf 77' lang='grc' dir='ltr'><strong>άναρτρύμτνατ,</strong></span> 
     </span>
    </p>
   </div>
   <div class='ocr_carea' id='block_1_6' title="bbox 0 0 1646 5270">
    <p class='ocr_par' dir='ltr' id='par_1_6' title="bbox 0 0 1646 5270">
     <span class='ocr_line' id='line_1_37' title="bbox 0 0 1646 5270; baseline 0 5"><span class='ocrx_word' id='word_1_352' title='bbox 0 0 1646 5270; x_wconf 95' lang='lat' dir='ltr'><strong> </strong></span> 
     </span>
    </p>
   </div>
  </div>
 </body>
</html>
