<?xml version="1.0" encoding="UTF-8"?>
<!DOCTYPE html PUBLIC "-//W3C//DTD XHTML 1.0 Transitional//EN"
    "http://www.w3.org/TR/xhtml1/DTD/xhtml1-transitional.dtd">
<html xmlns="http://www.w3.org/1999/xhtml" xml:lang="en" lang="en">
 <head>
  <title>
</title>
<meta http-equiv="Content-Type" content="text/html;charset=utf-8" />
  <meta name='ocr-system' content='tesseract 3.04.00' />
  <meta name='ocr-capabilities' content='ocr_page ocr_carea ocr_par ocr_line ocrx_word'/>
</head>
<body>
  <div class='ocr_page' id='page_1' title='image "./actaetdiplomata01miklgoog_0466.png"; bbox 0 0 3258 5282; ppageno 0'>
   <div class='ocr_carea' id='block_1_1' title="bbox 1239 323 1301 388">
    <p class='ocr_par' dir='ltr' id='par_1_1' title="bbox 1239 323 1301 388">
     <span class='ocr_line' id='line_1_1' title="bbox 1239 323 1301 388; baseline 0.048 -3"><span class='ocrx_word' id='word_1_1' title='bbox 1239 323 1301 388; x_wconf 69' lang='lat'>417</span> 
     </span>
    </p>
   </div>
   <div class='ocr_carea' id='block_1_2' title="bbox 81 503 1310 3431">
    <p class='ocr_par' dir='ltr' id='par_1_2' title="bbox 81 503 1310 3431">
     <span class='ocr_line' id='line_1_2' title="bbox 83 503 1301 590; baseline 0.002 -20"><span class='ocrx_word' id='word_1_2' title='bbox 83 517 188 570; x_wconf 82' lang='grc' dir='ltr'>καῦτπ</span> <span class='ocrx_word' id='word_1_3' title='bbox 216 511 271 573; x_wconf 89' lang='grc' dir='ltr'>καί</span> <span class='ocrx_word' id='word_1_4' title='bbox 296 509 383 570; x_wconf 81' lang='grc' dir='ltr'>θιίον</span> <span class='ocrx_word' id='word_1_5' title='bbox 409 511 462 570; x_wconf 88' lang='grc' dir='ltr'>καί</span> <span class='ocrx_word' id='word_1_6' title='bbox 490 509 599 570; x_wconf 87' lang='grc' dir='ltr'>σιπτόν</span> <span class='ocrx_word' id='word_1_7' title='bbox 619 509 801 590; x_wconf 93' lang='grc' dir='ltr'>πρόσταγμα</span> <span class='ocrx_word' id='word_1_8' title='bbox 827 515 882 590; x_wconf 78' lang='grc' dir='ltr'>της</span> <span class='ocrx_word' id='word_1_9' title='bbox 903 503 994 584; x_wconf 85' lang='grc' dir='ltr'>άγιας</span> <span class='ocrx_word' id='word_1_10' title='bbox 1017 508 1176 587; x_wconf 74' lang='grc' dir='ltr'><strong>βασιλείας</strong></span> <span class='ocrx_word' id='word_1_11' title='bbox 1198 507 1301 582; x_wconf 78' lang='grc' dir='ltr'>αὐτοῦ,</span> 
     </span>
     <span class='ocr_line' id='line_1_3' title="bbox 85 623 1301 710; baseline 0.002 -23"><span class='ocrx_word' id='word_1_12' title='bbox 85 626 299 710; x_wconf 75' lang='grc' dir='ltr'>όιοριίόμιναν</span> <span class='ocrx_word' id='word_1_13' title='bbox 320 623 522 710; x_wconf 70' lang='grc' dir='ltr'>ἐξετασθῆναι</span> <span class='ocrx_word' id='word_1_14' title='bbox 543 636 713 702; x_wconf 76' lang='grc' dir='ltr'>κανονικιίς</span> <span class='ocrx_word' id='word_1_15' title='bbox 734 629 773 688; x_wconf 84' lang='grc' dir='ltr'>τὰ</span> <span class='ocrx_word' id='word_1_16' title='bbox 793 627 1010 708; x_wconf 66' lang='grc' dir='ltr'>προπινόμενα</span> <span class='ocrx_word' id='word_1_17' title='bbox 1030 623 1100 706; x_wconf 85' lang='grc' dir='ltr'>παρ’</span> <span class='ocrx_word' id='word_1_18' title='bbox 1126 623 1226 690; x_wconf 75' lang='grc' dir='ltr'>αὐτόν</span> <span class='ocrx_word' id='word_1_19' title='bbox 1245 647 1301 690; x_wconf 86' lang='grc' dir='ltr'>κε-</span> 
     </span>
     <span class='ocr_line' id='line_1_4' title="bbox 83 741 1303 828; baseline 0 -22"><span class='ocrx_word' id='word_1_20' title='bbox 83 745 217 828; x_wconf 83' lang='grc' dir='ltr'>φάλαια,</span> <span class='ocrx_word' id='word_1_21' title='bbox 240 743 322 826; x_wconf 85' lang='grc' dir='ltr'>εἴπερ</span> <span class='ocrx_word' id='word_1_22' title='bbox 343 741 403 826; x_wconf 77' lang='grc' dir='ltr'>ἄρα</span> <span class='ocrx_word' id='word_1_23' title='bbox 424 751 521 806; x_wconf 88' lang='grc' dir='ltr'>ταῦτα</span> <span class='ocrx_word' id='word_1_24' title='bbox 534 745 710 828; x_wconf 79' lang='grc' dir='ltr'>πραόβησαν</span> <span class='ocrx_word' id='word_1_25' title='bbox 725 743 868 826; x_wconf 87' lang='grc' dir='ltr'>μηδόλως</span> <span class='ocrx_word' id='word_1_26' title='bbox 882 751 968 804; x_wconf 82' lang='grc' dir='ltr'>τινῶν</span> <span class='ocrx_word' id='word_1_27' title='bbox 983 744 1204 826; x_wconf 68' lang='grc' dir='ltr'>καθαψάμενα,</span> <span class='ocrx_word' id='word_1_28' title='bbox 1221 743 1303 812; x_wconf 73' lang='grc' dir='ltr'>ἀλλὰ</span> 
     </span>
     <span class='ocr_line' id='line_1_5' title="bbox 83 859 1303 946; baseline 0.002 -22"><span class='ocrx_word' id='word_1_29' title='bbox 83 865 165 944; x_wconf 79' lang='grc' dir='ltr'>μετὰ</span> <span class='ocrx_word' id='word_1_30' title='bbox 188 859 310 946; x_wconf 71' lang='grc' dir='ltr'>εἰρήνης</span> <span class='ocrx_word' id='word_1_31' title='bbox 330 865 384 924; x_wconf 88' lang='grc' dir='ltr'>καί</span> <span class='ocrx_word' id='word_1_32' title='bbox 406 866 580 946; x_wconf 73' lang='grc' dir='ltr'>συμφωνίας</span> <span class='ocrx_word' id='word_1_33' title='bbox 600 871 815 944; x_wconf 81' lang='grc' dir='ltr'>πνευματικῆς,</span> <span class='ocrx_word' id='word_1_34' title='bbox 831 865 1017 944; x_wconf 88' lang='grc' dir='ltr'>τηραυμίνης</span> <span class='ocrx_word' id='word_1_35' title='bbox 1033 871 1086 945; x_wconf 82' lang='grc' dir='ltr'>τῆς</span> <span class='ocrx_word' id='word_1_36' title='bbox 1101 861 1144 934; x_wconf 83' lang='grc' dir='ltr'>τίς</span> <span class='ocrx_word' id='word_1_37' title='bbox 1159 865 1210 926; x_wconf 88' lang='grc' dir='ltr'>τόν</span> <span class='ocrx_word' id='word_1_38' title='bbox 1223 883 1303 927; x_wconf 88' lang='grc' dir='ltr'>παν-</span> 
     </span>
     <span class='ocr_line' id='line_1_6' title="bbox 85 977 1303 1068; baseline 0.005 -26"><span class='ocrx_word' id='word_1_39' title='bbox 85 984 261 1056; x_wconf 75' lang='grc' dir='ltr'>αγιάτατον</span> <span class='ocrx_word' id='word_1_40' title='bbox 281 977 367 1062; x_wconf 76' lang='grc' dir='ltr'>ἡμῶν</span> <span class='ocrx_word' id='word_1_41' title='bbox 389 979 548 1063; x_wconf 82' lang='grc' dir='ltr'>δεσπότην,</span> <span class='ocrx_word' id='word_1_42' title='bbox 572 983 623 1042; x_wconf 90' lang='grc' dir='ltr'>τόν</span> <span class='ocrx_word' id='word_1_43' title='bbox 648 978 858 1062; x_wconf 86' lang='grc' dir='ltr'>οίκοομτνικόν</span> <span class='ocrx_word' id='word_1_44' title='bbox 879 985 1078 1063; x_wconf 85' lang='grc' dir='ltr'>πατριάρχην,</span> <span class='ocrx_word' id='word_1_45' title='bbox 1101 979 1303 1068; x_wconf 84' lang='grc' dir='ltr'>όφιιλυμίνης</span> 
     </span>
     <span class='ocr_line' id='line_1_7' title="bbox 83 1093 1303 1184; baseline 0.004 -23"><span class='ocrx_word' id='word_1_46' title='bbox 83 1094 253 1182; x_wconf 74' lang='grc' dir='ltr'>ὑποταγῆς,</span> <span class='ocrx_word' id='word_1_47' title='bbox 269 1097 540 1182; x_wconf 77' lang='grc' dir='ltr'>ἐξιτασθησόμτνοι</span> <span class='ocrx_word' id='word_1_48' title='bbox 562 1103 616 1162; x_wconf 90' lang='grc' dir='ltr'>καί</span> <span class='ocrx_word' id='word_1_49' title='bbox 634 1100 793 1182; x_wconf 78' lang='grc' dir='ltr'>ληψόμενα</span> <span class='ocrx_word' id='word_1_50' title='bbox 808 1093 948 1162; x_wconf 75' lang='grc' dir='ltr'>ἐντέῦθεν</span> <span class='ocrx_word' id='word_1_51' title='bbox 964 1096 1122 1176; x_wconf 83' lang='grc' dir='ltr'>ἀναλόγως</span> <span class='ocrx_word' id='word_1_52' title='bbox 1137 1101 1189 1184; x_wconf 77' lang='grc' dir='ltr'>τήν</span> <span class='ocrx_word' id='word_1_53' title='bbox 1205 1105 1303 1184; x_wconf 82' lang='grc' dir='ltr'>θερα-</span> 
     </span>
     <span class='ocr_line' id='line_1_8' title="bbox 81 1214 1304 1303; baseline 0.003 -25"><span class='ocrx_word' id='word_1_54' title='bbox 81 1221 185 1279; x_wconf 87' lang='grc' dir='ltr'>πείαν.</span> <span class='ocrx_word' id='word_1_55' title='bbox 209 1217 276 1280; x_wconf 82' lang='grc' dir='ltr'>ἐπεὶ</span> <span class='ocrx_word' id='word_1_56' title='bbox 297 1225 370 1293; x_wconf 83' lang='grc' dir='ltr'>γαόν</span> <span class='ocrx_word' id='word_1_57' title='bbox 392 1219 449 1299; x_wconf 88' lang='grc' dir='ltr'>πρό</span> <span class='ocrx_word' id='word_1_58' title='bbox 472 1214 578 1293; x_wconf 81' lang='grc' dir='ltr'>ἐλίγου</span> <span class='ocrx_word' id='word_1_59' title='bbox 600 1214 664 1280; x_wconf 85' lang='grc' dir='ltr'>δττ</span> <span class='ocrx_word' id='word_1_60' title='bbox 686 1215 847 1300; x_wconf 78' lang='grc' dir='ltr'>ίερυότατος</span> <span class='ocrx_word' id='word_1_61' title='bbox 864 1219 1087 1302; x_wconf 87' lang='grc' dir='ltr'>μητραπολίτης</span> <span class='ocrx_word' id='word_1_62' title='bbox 1102 1217 1304 1303; x_wconf 72' lang='grc' dir='ltr'>Χαλκηδόνος</span> 
     </span>
     <span class='ocr_line' id='line_1_9' title="bbox 81 1333 1304 1422; baseline 0.003 -25"><span class='ocrx_word' id='word_1_63' title='bbox 81 1339 139 1398; x_wconf 90' lang='grc' dir='ltr'>καί</span> <span class='ocrx_word' id='word_1_64' title='bbox 162 1335 180 1400; x_wconf 88' lang='grc' dir='ltr'>δ</span> <span class='ocrx_word' id='word_1_65' title='bbox 203 1340 384 1419; x_wconf 74' lang='grc' dir='ltr'>τιμιώτατος</span> <span class='ocrx_word' id='word_1_66' title='bbox 406 1333 575 1422; x_wconf 78' lang='grc' dir='ltr'>ῦπαψήφιος</span> <span class='ocrx_word' id='word_1_67' title='bbox 589 1336 828 1420; x_wconf 83' lang='grc' dir='ltr'>Θεσσαλονίκης,</span> <span class='ocrx_word' id='word_1_68' title='bbox 852 1335 1054 1419; x_wconf 84' lang='grc' dir='ltr'>ἱερομόναχος</span> <span class='ocrx_word' id='word_1_69' title='bbox 1075 1346 1133 1418; x_wconf 89' lang='grc' dir='ltr'>κῦρ</span> <span class='ocrx_word' id='word_1_70' title='bbox 1153 1335 1304 1409; x_wconf 80' lang='grc' dir='ltr'>Νιίλοςδ</span> 
     </span>
     <span class='ocr_line' id='line_1_10' title="bbox 81 1453 1304 1539; baseline 0.001 -21"><span class='ocrx_word' id='word_1_71' title='bbox 81 1453 284 1535; x_wconf 83' lang='grc' dir='ltr'>Καβάσιλας,</span> <span class='ocrx_word' id='word_1_72' title='bbox 307 1453 532 1538; x_wconf 79' lang='grc' dir='ltr'>ἐγχειρίσαντες</span> <span class='ocrx_word' id='word_1_73' title='bbox 548 1457 736 1537; x_wconf 83' lang='grc' dir='ltr'>κατάστιχον</span> <span class='ocrx_word' id='word_1_74' title='bbox 750 1453 792 1536; x_wconf 75' lang='grc' dir='ltr'>τῴ</span> <span class='ocrx_word' id='word_1_75' title='bbox 812 1457 1032 1536; x_wconf 83' lang='grc' dir='ltr'>παναγιωτάτιρ</span> <span class='ocrx_word' id='word_1_76' title='bbox 1052 1453 1139 1537; x_wconf 70' lang='grc' dir='ltr'>ἡμῶν</span> <span class='ocrx_word' id='word_1_77' title='bbox 1161 1456 1304 1539; x_wconf 86' lang='grc' dir='ltr'>δεσπότη,</span> 
     </span>
     <span class='ocr_line' id='line_1_11' title="bbox 82 1571 1305 1660; baseline 0.003 -26"><span class='ocrx_word' id='word_1_78' title='bbox 82 1572 126 1655; x_wconf 69' lang='grc' dir='ltr'>τῷ</span> <span class='ocrx_word' id='word_1_79' title='bbox 149 1572 355 1656; x_wconf 74' lang='grc' dir='ltr'>αίκοομενικιρ</span> <span class='ocrx_word' id='word_1_80' title='bbox 370 1576 554 1656; x_wconf 86' lang='grc' dir='ltr'>πατριάρχη,</span> <span class='ocrx_word' id='word_1_81' title='bbox 577 1572 797 1656; x_wconf 76' lang='grc' dir='ltr'>κεφαλαιωδῶς</span> <span class='ocrx_word' id='word_1_82' title='bbox 818 1571 1044 1654; x_wconf 82' lang='grc' dir='ltr'>περιλαμβάνων</span> <span class='ocrx_word' id='word_1_83' title='bbox 1067 1577 1122 1645; x_wconf 80' lang='grc' dir='ltr'>τὰς</span> <span class='ocrx_word' id='word_1_84' title='bbox 1142 1575 1305 1660; x_wconf 84' lang='grc' dir='ltr'>διαφόρως,</span> 
     </span>
     <span class='ocr_line' id='line_1_12' title="bbox 82 1689 1307 1775; baseline 0.002 -21"><span class='ocrx_word' id='word_1_85' title='bbox 82 1700 137 1754; x_wconf 85' lang='grc' dir='ltr'>νῦν</span> <span class='ocrx_word' id='word_1_86' title='bbox 153 1712 191 1752; x_wconf 82' lang='grc' dir='ltr'>τε</span> <span class='ocrx_word' id='word_1_87' title='bbox 203 1694 258 1753; x_wconf 84' lang='grc' dir='ltr'>καί</span> <span class='ocrx_word' id='word_1_88' title='bbox 270 1693 416 1774; x_wconf 82' lang='grc' dir='ltr'>πρότερον</span> <span class='ocrx_word' id='word_1_89' title='bbox 431 1696 596 1773; x_wconf 67' lang='grc' dir='ltr'>γινομένας</span> <span class='ocrx_word' id='word_1_90' title='bbox 610 1693 693 1772; x_wconf 82' lang='grc' dir='ltr'>παρὰ</span> <span class='ocrx_word' id='word_1_91' title='bbox 707 1699 808 1752; x_wconf 80' lang='grc' dir='ltr'>πᾶσαν</span> <span class='ocrx_word' id='word_1_92' title='bbox 830 1689 948 1773; x_wconf 75' lang='grc' dir='ltr'>εἴδησιν</span> <span class='ocrx_word' id='word_1_93' title='bbox 969 1698 1023 1773; x_wconf 79' lang='grc' dir='ltr'>της</span> <span class='ocrx_word' id='word_1_94' title='bbox 1038 1689 1208 1775; x_wconf 74' lang='grc' dir='ltr'>ἐκκλησίας</span> <span class='ocrx_word' id='word_1_95' title='bbox 1229 1695 1307 1756; x_wconf 83' lang='grc' dir='ltr'>θεοῦ</span> 
     </span>
     <span class='ocr_line' id='line_1_13' title="bbox 83 1805 1306 1891; baseline 0.002 -21"><span class='ocrx_word' id='word_1_96' title='bbox 83 1807 264 1889; x_wconf 82' lang='grc' dir='ltr'>τριγαμίας,</span> <span class='ocrx_word' id='word_1_97' title='bbox 287 1813 493 1891; x_wconf 86' lang='grc' dir='ltr'>τττραγαμίας</span> <span class='ocrx_word' id='word_1_98' title='bbox 514 1811 572 1870; x_wconf 83' lang='grc' dir='ltr'>καί</span> <span class='ocrx_word' id='word_1_99' title='bbox 592 1805 847 1890; x_wconf 79' lang='grc' dir='ltr'>άθιμιτογαμίας,</span> <span class='ocrx_word' id='word_1_100' title='bbox 872 1807 917 1870; x_wconf 79' lang='grc' dir='ltr'>ἐτι</span> <span class='ocrx_word' id='word_1_101' title='bbox 939 1829 971 1870; x_wconf 86' lang='grc' dir='ltr'>τε</span> <span class='ocrx_word' id='word_1_102' title='bbox 993 1812 1047 1870; x_wconf 91' lang='grc' dir='ltr'>καί</span> <span class='ocrx_word' id='word_1_103' title='bbox 1069 1807 1151 1871; x_wconf 86' lang='grc' dir='ltr'>άλλα</span> <span class='ocrx_word' id='word_1_104' title='bbox 1165 1813 1241 1884; x_wconf 86' lang='grc' dir='ltr'>τινά,</span> <span class='ocrx_word' id='word_1_105' title='bbox 1264 1807 1306 1882; x_wconf 68' lang='grc' dir='ltr'>ὃς</span> 
     </span>
     <span class='ocr_line' id='line_1_14' title="bbox 83 1925 1306 2010; baseline 0.002 -20"><span class='ocrx_word' id='word_1_106' title='bbox 83 1927 188 2010; x_wconf 80' lang='grc' dir='ltr'>δηθιν</span> <span class='ocrx_word' id='word_1_107' title='bbox 210 1930 370 2010; x_wconf 67' lang='grc' dir='ltr'>ζητήματα</span> <span class='ocrx_word' id='word_1_108' title='bbox 391 1931 551 2002; x_wconf 83' lang='grc' dir='ltr'>κανονικὰ,</span> <span class='ocrx_word' id='word_1_109' title='bbox 573 1933 628 1988; x_wconf 89' lang='grc' dir='ltr'>ιιαί</span> <span class='ocrx_word' id='word_1_110' title='bbox 649 1925 771 1988; x_wconf 83' lang='grc' dir='ltr'>ἐδόοντο</span> <span class='ocrx_word' id='word_1_111' title='bbox 791 1934 844 2008; x_wconf 77' lang='grc' dir='ltr'>τῆς</span> <span class='ocrx_word' id='word_1_112' title='bbox 859 1929 970 1988; x_wconf 89' lang='grc' dir='ltr'>τοότων</span> <span class='ocrx_word' id='word_1_113' title='bbox 985 1926 1189 2008; x_wconf 87' lang='grc' dir='ltr'>διορθιόστως.</span> <span class='ocrx_word' id='word_1_114' title='bbox 1213 1925 1231 1990; x_wconf 86' lang='grc' dir='ltr'>ό</span> <span class='ocrx_word' id='word_1_115' title='bbox 1253 1925 1306 1992; x_wconf 79' lang='grc' dir='ltr'>οὖν</span> 
     </span>
     <span class='ocr_line' id='line_1_15' title="bbox 81 2041 1305 2129; baseline 0.002 -23"><span class='ocrx_word' id='word_1_116' title='bbox 81 2049 320 2122; x_wconf 78' lang='grc' dir='ltr'>παναγιωπατος</span> <span class='ocrx_word' id='word_1_117' title='bbox 345 2042 431 2129; x_wconf 69' lang='grc' dir='ltr'>ἡμῶν</span> <span class='ocrx_word' id='word_1_118' title='bbox 453 2045 611 2128; x_wconf 79' lang='grc' dir='ltr'>δεσπότης,</span> <span class='ocrx_word' id='word_1_119' title='bbox 636 2041 653 2107; x_wconf 83' lang='grc' dir='ltr'>δ</span> <span class='ocrx_word' id='word_1_120' title='bbox 676 2043 888 2127; x_wconf 82' lang='grc' dir='ltr'>οίκοομενικός</span> <span class='ocrx_word' id='word_1_121' title='bbox 909 2047 1112 2128; x_wconf 82' lang='grc' dir='ltr'>πατριάρχης,</span> <span class='ocrx_word' id='word_1_122' title='bbox 1134 2050 1188 2106; x_wconf 83' lang='grc' dir='ltr'>καί</span> <span class='ocrx_word' id='word_1_123' title='bbox 1207 2047 1305 2110; x_wconf 83' lang='grc' dir='ltr'>πάλαι</span> 
     </span>
     <span class='ocr_line' id='line_1_16' title="bbox 84 2159 1306 2248; baseline 0 -22"><span class='ocrx_word' id='word_1_124' title='bbox 84 2165 256 2248; x_wconf 78' lang='grc' dir='ltr'>διόρθωσιν</span> <span class='ocrx_word' id='word_1_125' title='bbox 278 2166 332 2248; x_wconf 79' lang='grc' dir='ltr'>την</span> <span class='ocrx_word' id='word_1_126' title='bbox 358 2165 488 2246; x_wconf 68' lang='grc' dir='ltr'>δυνατόν</span> <span class='ocrx_word' id='word_1_127' title='bbox 513 2165 722 2246; x_wconf 85' lang='grc' dir='ltr'>ποιησάμενος</span> <span class='ocrx_word' id='word_1_128' title='bbox 749 2160 780 2224; x_wconf 81' lang='grc' dir='ltr'>ἐν</span> <span class='ocrx_word' id='word_1_129' title='bbox 807 2173 869 2232; x_wconf 84' lang='grc' dir='ltr'>ταῖς</span> <span class='ocrx_word' id='word_1_130' title='bbox 894 2164 1042 2232; x_wconf 77' lang='grc' dir='ltr'>τοιούτοις</span> <span class='ocrx_word' id='word_1_131' title='bbox 1067 2167 1121 2224; x_wconf 86' lang='grc' dir='ltr'>καί</span> <span class='ocrx_word' id='word_1_132' title='bbox 1147 2159 1306 2246; x_wconf 88' lang='grc' dir='ltr'>ἐκδίκησιν</span> 
     </span>
     <span class='ocr_line' id='line_1_17' title="bbox 85 2280 1305 2367; baseline 0 -23"><span class='ocrx_word' id='word_1_133' title='bbox 85 2285 140 2367; x_wconf 77' lang='grc' dir='ltr'>την</span> <span class='ocrx_word' id='word_1_134' title='bbox 155 2286 386 2366; x_wconf 77' lang='grc' dir='ltr'>προσήκουσαν,</span> <span class='ocrx_word' id='word_1_135' title='bbox 401 2281 533 2364; x_wconf 81' lang='grc' dir='ltr'>Χριστοῦ</span> <span class='ocrx_word' id='word_1_136' title='bbox 555 2283 667 2364; x_wconf 91' lang='grc' dir='ltr'>χάριτι,</span> <span class='ocrx_word' id='word_1_137' title='bbox 682 2283 736 2342; x_wconf 86' lang='grc' dir='ltr'>καί</span> <span class='ocrx_word' id='word_1_138' title='bbox 756 2280 947 2364; x_wconf 76' lang='grc' dir='ltr'>διατηρήσας</span> <span class='ocrx_word' id='word_1_139' title='bbox 961 2283 1012 2341; x_wconf 89' lang='grc' dir='ltr'>τόν</span> <span class='ocrx_word' id='word_1_140' title='bbox 1028 2283 1136 2362; x_wconf 85' lang='grc' dir='ltr'>τρόπον</span> <span class='ocrx_word' id='word_1_141' title='bbox 1158 2289 1212 2363; x_wconf 74' lang='grc' dir='ltr'>τῆς</span> <span class='ocrx_word' id='word_1_142' title='bbox 1233 2283 1305 2344; x_wconf 85' lang='grc' dir='ltr'>ταό-</span> 
     </span>
     <span class='ocr_line' id='line_1_18' title="bbox 85 2397 1306 2485; baseline -0.001 -21"><span class='ocrx_word' id='word_1_143' title='bbox 85 2422 145 2464; x_wconf 90' lang='grc' dir='ltr'>των</span> <span class='ocrx_word' id='word_1_144' title='bbox 169 2406 225 2465; x_wconf 85' lang='grc' dir='ltr'>καί</span> <span class='ocrx_word' id='word_1_145' title='bbox 240 2401 286 2464; x_wconf 74' lang='grc' dir='ltr'>ότι</span> <span class='ocrx_word' id='word_1_146' title='bbox 301 2405 379 2485; x_wconf 82' lang='grc' dir='ltr'>μττὰ</span> <span class='ocrx_word' id='word_1_147' title='bbox 393 2405 551 2484; x_wconf 77' lang='grc' dir='ltr'>κινήσεως,</span> <span class='ocrx_word' id='word_1_148' title='bbox 575 2397 658 2484; x_wconf 75' lang='grc' dir='ltr'>ὅμως</span> <span class='ocrx_word' id='word_1_149' title='bbox 680 2401 732 2462; x_wconf 82' lang='grc' dir='ltr'>διὰ</span> <span class='ocrx_word' id='word_1_150' title='bbox 750 2401 784 2462; x_wconf 88' lang='grc' dir='ltr'>τό</span> <span class='ocrx_word' id='word_1_151' title='bbox 807 2408 860 2483; x_wconf 71' lang='grc' dir='ltr'>τῆς</span> <span class='ocrx_word' id='word_1_152' title='bbox 876 2399 1006 2484; x_wconf 80' lang='grc' dir='ltr'>είρηνης,</span> <span class='ocrx_word' id='word_1_153' title='bbox 1022 2397 1064 2471; x_wconf 81' lang='grc' dir='ltr'>θς</span> <span class='ocrx_word' id='word_1_154' title='bbox 1079 2399 1204 2484; x_wconf 80' lang='grc' dir='ltr'>εἴρηται,</span> <span class='ocrx_word' id='word_1_155' title='bbox 1225 2401 1306 2463; x_wconf 84' lang='grc' dir='ltr'>κάλ-</span> 
     </span>
     <span class='ocr_line' id='line_1_19' title="bbox 85 2517 1307 2602; baseline 0 -20"><span class='ocrx_word' id='word_1_156' title='bbox 85 2521 193 2583; x_wconf 84' lang='grc' dir='ltr'>λιστον</span> <span class='ocrx_word' id='word_1_157' title='bbox 225 2531 353 2602; x_wconf 78' lang='grc' dir='ltr'>πρᾶγμα</span> <span class='ocrx_word' id='word_1_158' title='bbox 377 2523 433 2583; x_wconf 90' lang='grc' dir='ltr'>καί</span> <span class='ocrx_word' id='word_1_159' title='bbox 453 2521 505 2582; x_wconf 84' lang='grc' dir='ltr'>διά</span> <span class='ocrx_word' id='word_1_160' title='bbox 531 2520 585 2602; x_wconf 74' lang='grc' dir='ltr'>την</span> <span class='ocrx_word' id='word_1_161' title='bbox 612 2519 765 2602; x_wconf 72' lang='grc' dir='ltr'>ἔγγραφον</span> <span class='ocrx_word' id='word_1_162' title='bbox 790 2520 964 2601; x_wconf 71' lang='grc' dir='ltr'>προσταγὴν</span> <span class='ocrx_word' id='word_1_163' title='bbox 991 2527 1044 2580; x_wconf 87' lang='grc' dir='ltr'>τοῦ</span> <span class='ocrx_word' id='word_1_164' title='bbox 1070 2527 1218 2602; x_wconf 77' lang='grc' dir='ltr'>κραταιοῦ</span> <span class='ocrx_word' id='word_1_165' title='bbox 1250 2517 1307 2582; x_wconf 85' lang='grc' dir='ltr'>καὶ</span> 
     </span>
     <span class='ocr_line' id='line_1_20' title="bbox 85 2633 1306 2721; baseline -0.001 -21"><span class='ocrx_word' id='word_1_166' title='bbox 85 2637 179 2713; x_wconf 81' lang='grc' dir='ltr'>ἁγίου</span> <span class='ocrx_word' id='word_1_167' title='bbox 200 2633 286 2721; x_wconf 72' lang='grc' dir='ltr'>ἡμῶν</span> <span class='ocrx_word' id='word_1_168' title='bbox 308 2633 461 2701; x_wconf 82' lang='grc' dir='ltr'>αόθόντσο</span> <span class='ocrx_word' id='word_1_169' title='bbox 482 2641 536 2698; x_wconf 88' lang='grc' dir='ltr'>καί</span> <span class='ocrx_word' id='word_1_170' title='bbox 558 2637 708 2718; x_wconf 69' lang='grc' dir='ltr'>βασιλέως</span> <span class='ocrx_word' id='word_1_171' title='bbox 729 2637 1022 2719; x_wconf 72' lang='grc' dir='ltr'>προσκαλεσάμενος</span> <span class='ocrx_word' id='word_1_172' title='bbox 1043 2640 1094 2699; x_wconf 94' lang='grc' dir='ltr'>τόν</span> <span class='ocrx_word' id='word_1_173' title='bbox 1116 2659 1149 2699; x_wconf 87' lang='grc' dir='ltr'>τι</span> <span class='ocrx_word' id='word_1_174' title='bbox 1171 2635 1306 2713; x_wconf 82' lang='grc' dir='ltr'>άγιιότα-</span> 
     </span>
     <span class='ocr_line' id='line_1_21' title="bbox 85 2753 1310 2841; baseline 0 -23"><span class='ocrx_word' id='word_1_175' title='bbox 85 2775 138 2819; x_wconf 86' lang='grc' dir='ltr'>τον</span> <span class='ocrx_word' id='word_1_176' title='bbox 162 2756 314 2841; x_wconf 83' lang='grc' dir='ltr'>δεσπότην</span> <span class='ocrx_word' id='word_1_177' title='bbox 335 2760 391 2819; x_wconf 87' lang='grc' dir='ltr'>καί</span> <span class='ocrx_word' id='word_1_178' title='bbox 415 2759 606 2839; x_wconf 86' lang='grc' dir='ltr'>πατριάρχην</span> <span class='ocrx_word' id='word_1_179' title='bbox 627 2753 841 2838; x_wconf 81' lang='grc' dir='ltr'>Ἱεροσολόμων</span> <span class='ocrx_word' id='word_1_180' title='bbox 867 2758 922 2817; x_wconf 87' lang='grc' dir='ltr'>καί</span> <span class='ocrx_word' id='word_1_181' title='bbox 945 2759 1063 2826; x_wconf 78' lang='grc' dir='ltr'>πάντας</span> <span class='ocrx_word' id='word_1_182' title='bbox 1088 2755 1159 2826; x_wconf 85' lang='grc' dir='ltr'>τεός</span> <span class='ocrx_word' id='word_1_183' title='bbox 1180 2755 1310 2837; x_wconf 82' lang='grc' dir='ltr'>ίτρωτά·</span> 
     </span>
     <span class='ocr_line' id='line_1_22' title="bbox 85 2871 1306 2960; baseline -0.001 -22"><span class='ocrx_word' id='word_1_184' title='bbox 85 2898 158 2947; x_wconf 87' lang='grc' dir='ltr'>τους</span> <span class='ocrx_word' id='word_1_185' title='bbox 182 2875 334 2958; x_wconf 85' lang='grc' dir='ltr'>άρχιτρτίς</span> <span class='ocrx_word' id='word_1_186' title='bbox 356 2877 426 2946; x_wconf 87' lang='grc' dir='ltr'>τοός</span> <span class='ocrx_word' id='word_1_187' title='bbox 449 2874 670 2959; x_wconf 75' lang='grc' dir='ltr'>ἐπιδημοῦντας</span> <span class='ocrx_word' id='word_1_188' title='bbox 685 2871 716 2935; x_wconf 88' lang='grc' dir='ltr'>ἐν</span> <span class='ocrx_word' id='word_1_189' title='bbox 731 2883 769 2957; x_wconf 76' lang='grc' dir='ltr'>τη</span> <span class='ocrx_word' id='word_1_190' title='bbox 785 2873 990 2956; x_wconf 88' lang='grc' dir='ltr'>βασιλευοόση</span> <span class='ocrx_word' id='word_1_191' title='bbox 1005 2883 1063 2936; x_wconf 81' lang='grc' dir='ltr'>των</span> <span class='ocrx_word' id='word_1_192' title='bbox 1077 2875 1204 2949; x_wconf 87' lang='grc' dir='ltr'>πόλεων,</span> <span class='ocrx_word' id='word_1_193' title='bbox 1226 2895 1306 2960; x_wconf 87' lang='grc' dir='ltr'>παρ-</span> 
     </span>
     <span class='ocr_line' id='line_1_23' title="bbox 86 2991 1308 3078; baseline 0.001 -22"><span class='ocrx_word' id='word_1_194' title='bbox 86 2995 275 3062; x_wconf 81' lang='grc' dir='ltr'>εκελεύσατο</span> <span class='ocrx_word' id='word_1_195' title='bbox 304 2992 347 3064; x_wconf 82' lang='grc' dir='ltr'>εἰς</span> <span class='ocrx_word' id='word_1_196' title='bbox 374 2995 507 3076; x_wconf 70' lang='grc' dir='ltr'>ἐπήκοον</span> <span class='ocrx_word' id='word_1_197' title='bbox 532 2997 651 3055; x_wconf 86' lang='grc' dir='ltr'>πάντων</span> <span class='ocrx_word' id='word_1_198' title='bbox 684 2994 796 3055; x_wconf 88' lang='grc' dir='ltr'>τοότων</span> <span class='ocrx_word' id='word_1_199' title='bbox 828 2991 1065 3076; x_wconf 63' lang='grc' dir='ltr'>ἀναγνωσθῆναι</span> <span class='ocrx_word' id='word_1_200' title='bbox 1089 2995 1123 3054; x_wconf 85' lang='grc' dir='ltr'>τό</span> <span class='ocrx_word' id='word_1_201' title='bbox 1151 2993 1308 3078; x_wconf 78' lang='grc' dir='ltr'>τίρημίνον</span> 
     </span>
     <span class='ocr_line' id='line_1_24' title="bbox 83 3107 1307 3194; baseline 0.001 -21"><span class='ocrx_word' id='word_1_202' title='bbox 83 3114 287 3193; x_wconf 87' lang='grc' dir='ltr'>κατάστιχον,</span> <span class='ocrx_word' id='word_1_203' title='bbox 311 3107 384 3193; x_wconf 82' lang='grc' dir='ltr'>ὅπερ</span> <span class='ocrx_word' id='word_1_204' title='bbox 405 3115 459 3172; x_wconf 86' lang='grc' dir='ltr'>καί</span> <span class='ocrx_word' id='word_1_205' title='bbox 481 3111 697 3194; x_wconf 86' lang='grc' dir='ltr'>διελάμβανεν,</span> <span class='ocrx_word' id='word_1_206' title='bbox 727 3109 787 3173; x_wconf 80' lang='grc' dir='ltr'>ὅσα</span> <span class='ocrx_word' id='word_1_207' title='bbox 808 3112 886 3192; x_wconf 82' lang='grc' dir='ltr'>δῆτα</span> <span class='ocrx_word' id='word_1_208' title='bbox 908 3115 962 3172; x_wconf 90' lang='grc' dir='ltr'>καί</span> <span class='ocrx_word' id='word_1_209' title='bbox 988 3111 1200 3192; x_wconf 82' lang='grc' dir='ltr'>διελάμβανεν.</span> <span class='ocrx_word' id='word_1_210' title='bbox 1229 3111 1307 3175; x_wconf 81' lang='grc' dir='ltr'>ἀνα-</span> 
     </span>
     <span class='ocr_line' id='line_1_25' title="bbox 84 3225 1306 3311; baseline 0.001 -20"><span class='ocrx_word' id='word_1_211' title='bbox 84 3233 228 3305; x_wconf 81' lang='grc' dir='ltr'>γνωσθόν</span> <span class='ocrx_word' id='word_1_212' title='bbox 251 3225 302 3292; x_wconf 82' lang='grc' dir='ltr'>οὖν</span> <span class='ocrx_word' id='word_1_213' title='bbox 323 3231 407 3310; x_wconf 81' lang='grc' dir='ltr'>παρά</span> <span class='ocrx_word' id='word_1_214' title='bbox 429 3236 482 3290; x_wconf 84' lang='grc' dir='ltr'>τοῦ</span> <span class='ocrx_word' id='word_1_215' title='bbox 504 3231 686 3311; x_wconf 88' lang='grc' dir='ltr'>τιμιωτάτου</span> <span class='ocrx_word' id='word_1_216' title='bbox 706 3225 841 3310; x_wconf 88' lang='grc' dir='ltr'>μεγάλου</span> <span class='ocrx_word' id='word_1_217' title='bbox 862 3227 1070 3309; x_wconf 87' lang='grc' dir='ltr'>σακελλαρίου</span> <span class='ocrx_word' id='word_1_218' title='bbox 1085 3229 1140 3290; x_wconf 85' lang='grc' dir='ltr'>καί</span> <span class='ocrx_word' id='word_1_219' title='bbox 1154 3231 1306 3292; x_wconf 86' lang='grc' dir='ltr'>διδασκά-</span> 
     </span>
     <span class='ocr_line' id='line_1_26' title="bbox 85 3343 1306 3431; baseline 0 -21"><span class='ocrx_word' id='word_1_220' title='bbox 85 3349 145 3411; x_wconf 89' lang='grc' dir='ltr'>λου</span> <span class='ocrx_word' id='word_1_221' title='bbox 162 3357 220 3410; x_wconf 84' lang='grc' dir='ltr'>τῦν</span> <span class='ocrx_word' id='word_1_222' title='bbox 241 3348 436 3410; x_wconf 86' lang='grc' dir='ltr'>διδασκάλων</span> <span class='ocrx_word' id='word_1_223' title='bbox 460 3343 495 3408; x_wconf 78' lang='grc' dir='ltr'>οὐ</span> <span class='ocrx_word' id='word_1_224' title='bbox 518 3350 610 3430; x_wconf 89' lang='grc' dir='ltr'>μόνον</span> <span class='ocrx_word' id='word_1_225' title='bbox 633 3343 721 3421; x_wconf 76' lang='grc' dir='ltr'>ἅπαξ,</span> <span class='ocrx_word' id='word_1_226' title='bbox 746 3345 827 3408; x_wconf 77' lang='grc' dir='ltr'>ἀλλὰ</span> <span class='ocrx_word' id='word_1_227' title='bbox 848 3351 903 3409; x_wconf 87' lang='grc' dir='ltr'>καί</span> <span class='ocrx_word' id='word_1_228' title='bbox 923 3347 970 3416; x_wconf 89' lang='grc' dir='ltr'>δίς</span> <span class='ocrx_word' id='word_1_229' title='bbox 984 3353 1038 3410; x_wconf 89' lang='grc' dir='ltr'>καί</span> <span class='ocrx_word' id='word_1_230' title='bbox 1053 3351 1125 3430; x_wconf 85' lang='grc' dir='ltr'>τρίς,</span> <span class='ocrx_word' id='word_1_231' title='bbox 1149 3349 1306 3431; x_wconf 84' lang='grc' dir='ltr'>συνιδρια·</span> 
     </span>
    </p>
   </div>
   <div class='ocr_carea' id='block_1_3' title="bbox 88 3442 1305 3550">
    <p class='ocr_par' dir='ltr' id='par_1_3' title="bbox 88 3442 1305 3550">
     <span class='ocr_line' id='line_1_27' title="bbox 88 3442 1305 3550; baseline 0.002 -23"><span class='ocrx_word' id='word_1_232' title='bbox 88 3471 202 3540; x_wconf 65' lang='grc' dir='ltr'>ἰόντων</span> <span class='ocrx_word' id='word_1_233' title='bbox 236 3467 277 3550; x_wconf 68' lang='grc' dir='ltr'>τῷ</span> <span class='ocrx_word' id='word_1_234' title='bbox 300 3463 521 3548; x_wconf 89' lang='grc' dir='ltr'>παναγιωτάτιρ</span> <span class='ocrx_word' id='word_1_235' title='bbox 546 3463 633 3550; x_wconf 76' lang='grc' dir='ltr'>ἡμῶν</span> <span class='ocrx_word' id='word_1_236' title='bbox 658 3442 800 3548; x_wconf 84' lang='grc' dir='ltr'>δοσπότη,</span> <span class='ocrx_word' id='word_1_237' title='bbox 826 3465 868 3548; x_wconf 77' lang='grc' dir='ltr'>τιρ</span> <span class='ocrx_word' id='word_1_238' title='bbox 899 3465 1102 3550; x_wconf 71' lang='grc' dir='ltr'>οίκουμενικιρ</span> <span class='ocrx_word' id='word_1_239' title='bbox 1123 3467 1305 3550; x_wconf 86' lang='grc' dir='ltr'>πατριάρχη,</span> 
     </span>
    </p>
   </div>
   <div class='ocr_carea' id='block_1_4' title="bbox 88 3583 1333 4496">
    <p class='ocr_par' dir='ltr' id='par_1_4' title="bbox 88 3583 1333 4496">
     <span class='ocr_line' id='line_1_28' title="bbox 89 3583 1304 3668; baseline 0 -20"><span class='ocrx_word' id='word_1_240' title='bbox 89 3595 145 3648; x_wconf 90' lang='grc' dir='ltr'>τοῦ</span> <span class='ocrx_word' id='word_1_241' title='bbox 177 3607 211 3648; x_wconf 87' lang='grc' dir='ltr'>τε</span> <span class='ocrx_word' id='word_1_242' title='bbox 244 3583 415 3662; x_wconf 82' lang='grc' dir='ltr'>άγιωτότοο</span> <span class='ocrx_word' id='word_1_243' title='bbox 448 3585 596 3648; x_wconf 86' lang='grc' dir='ltr'>δεσπότου</span> <span class='ocrx_word' id='word_1_244' title='bbox 622 3589 676 3647; x_wconf 87' lang='grc' dir='ltr'>καί</span> <span class='ocrx_word' id='word_1_245' title='bbox 700 3585 889 3667; x_wconf 85' lang='grc' dir='ltr'>πατριάρχου</span> <span class='ocrx_word' id='word_1_246' title='bbox 913 3583 1129 3668; x_wconf 76' lang='grc' dir='ltr'>Ἱεροσολύμων</span> <span class='ocrx_word' id='word_1_247' title='bbox 1160 3593 1214 3647; x_wconf 88' lang='grc' dir='ltr'>καί</span> <span class='ocrx_word' id='word_1_248' title='bbox 1247 3595 1304 3648; x_wconf 80' lang='grc' dir='ltr'>των</span> 
     </span>
     <span class='ocr_line' id='line_1_29' title="bbox 89 3697 1333 3786; baseline -0.001 -20"><span class='ocrx_word' id='word_1_249' title='bbox 89 3703 259 3786; x_wconf 85' lang='grc' dir='ltr'>ίτρωτάτινν</span> <span class='ocrx_word' id='word_1_250' title='bbox 283 3701 448 3786; x_wconf 83' lang='grc' dir='ltr'>διρχιιφόων</span> <span class='ocrx_word' id='word_1_251' title='bbox 468 3705 596 3776; x_wconf 88' lang='grc' dir='ltr'>πάντων,</span> <span class='ocrx_word' id='word_1_252' title='bbox 619 3703 697 3786; x_wconf 77' lang='grc' dir='ltr'>πλὴν</span> <span class='ocrx_word' id='word_1_253' title='bbox 719 3711 773 3764; x_wconf 90' lang='grc' dir='ltr'>τοῦ</span> <span class='ocrx_word' id='word_1_254' title='bbox 795 3702 1007 3786; x_wconf 83' lang='grc' dir='ltr'>Χαλκηδόνος,</span> <span class='ocrx_word' id='word_1_255' title='bbox 1030 3701 1140 3785; x_wconf 82' lang='grc' dir='ltr'>ἐκρίθη</span> <span class='ocrx_word' id='word_1_256' title='bbox 1161 3706 1305 3784; x_wconf 84' lang='grc' dir='ltr'>περισσόν</span> <span class='ocrx_word' id='word_1_257' title='bbox 1331 3697 1333 3702; x_wconf 70' lang='grc'><strong>’</strong></span> 
     </span>
     <span class='ocr_line' id='line_1_30' title="bbox 88 3816 1306 3904; baseline 0.002 -22"><span class='ocrx_word' id='word_1_258' title='bbox 88 3825 144 3883; x_wconf 88' lang='grc' dir='ltr'>καί</span> <span class='ocrx_word' id='word_1_259' title='bbox 167 3823 315 3904; x_wconf 87' lang='grc' dir='ltr'>σόγχυσιν</span> <span class='ocrx_word' id='word_1_260' title='bbox 344 3821 435 3901; x_wconf 90' lang='grc' dir='ltr'>μόνον</span> <span class='ocrx_word' id='word_1_261' title='bbox 461 3816 573 3895; x_wconf 82' lang='grc' dir='ltr'>ἐπάγον</span> <span class='ocrx_word' id='word_1_262' title='bbox 600 3822 634 3881; x_wconf 86' lang='grc' dir='ltr'>τό</span> <span class='ocrx_word' id='word_1_263' title='bbox 659 3823 869 3901; x_wconf 81' lang='grc' dir='ltr'>πρακομισθὲν</span> <span class='ocrx_word' id='word_1_264' title='bbox 896 3829 984 3882; x_wconf 92' lang='grc' dir='ltr'>τοῦτο</span> <span class='ocrx_word' id='word_1_265' title='bbox 1010 3817 1212 3902; x_wconf 84' lang='grc' dir='ltr'>κατάστιχον,</span> <span class='ocrx_word' id='word_1_266' title='bbox 1241 3817 1306 3884; x_wconf 79' lang='grc' dir='ltr'>ἐπεὶ</span> 
     </span>
     <span class='ocr_line' id='line_1_31' title="bbox 89 3933 1306 4024; baseline 0.002 -24"><span class='ocrx_word' id='word_1_267' title='bbox 89 3943 128 4001; x_wconf 86' lang='grc' dir='ltr'>τά</span> <span class='ocrx_word' id='word_1_268' title='bbox 161 3943 217 4020; x_wconf 80' lang='grc' dir='ltr'>μόν</span> <span class='ocrx_word' id='word_1_269' title='bbox 250 3949 308 4002; x_wconf 76' lang='grc' dir='ltr'>τῶν</span> <span class='ocrx_word' id='word_1_270' title='bbox 336 3937 546 4024; x_wconf 72' lang='grc' dir='ltr'>ἐμφερομένων</span> <span class='ocrx_word' id='word_1_271' title='bbox 572 3933 655 4018; x_wconf 78' lang='grc' dir='ltr'>αότηῐ</span> <span class='ocrx_word' id='word_1_272' title='bbox 688 3939 862 4022; x_wconf 88' lang='grc' dir='ltr'>κεφαλαίων</span> <span class='ocrx_word' id='word_1_273' title='bbox 890 3937 1033 4023; x_wconf 71' lang='grc' dir='ltr'>ἔφθασαν</span> <span class='ocrx_word' id='word_1_274' title='bbox 1066 3938 1306 4023; x_wconf 76' lang='grc' dir='ltr'>διεκδικηθηναι</span> 
     </span>
     <span class='ocr_line' id='line_1_32' title="bbox 90 4054 1306 4140; baseline 0 -20"><span class='ocrx_word' id='word_1_275' title='bbox 90 4059 203 4128; x_wconf 85' lang='grc' dir='ltr'>ίκανῦς</span> <span class='ocrx_word' id='word_1_276' title='bbox 225 4063 280 4120; x_wconf 87' lang='grc' dir='ltr'>καί</span> <span class='ocrx_word' id='word_1_277' title='bbox 302 4062 380 4140; x_wconf 76' lang='grc' dir='ltr'>μετά</span> <span class='ocrx_word' id='word_1_278' title='bbox 402 4061 452 4120; x_wconf 90' lang='grc' dir='ltr'>τόν</span> <span class='ocrx_word' id='word_1_279' title='bbox 476 4056 668 4140; x_wconf 79' lang='grc' dir='ltr'>ἐγχειροῦντα</span> <span class='ocrx_word' id='word_1_280' title='bbox 691 4060 798 4139; x_wconf 87' lang='grc' dir='ltr'>τρόπον</span> <span class='ocrx_word' id='word_1_281' title='bbox 821 4068 857 4139; x_wconf 77' lang='grc' dir='ltr'>τη</span> <span class='ocrx_word' id='word_1_282' title='bbox 880 4078 912 4117; x_wconf 88' lang='grc' dir='ltr'>τε</span> <span class='ocrx_word' id='word_1_283' title='bbox 934 4054 1086 4138; x_wconf 76' lang='grc' dir='ltr'>ἐκκλησία</span> <span class='ocrx_word' id='word_1_284' title='bbox 1102 4060 1179 4120; x_wconf 90' lang='grc' dir='ltr'>θεοῦ</span> <span class='ocrx_word' id='word_1_285' title='bbox 1199 4059 1306 4140; x_wconf 74' lang='grc' dir='ltr'>καίτερ</span> 
     </span>
     <span class='ocr_line' id='line_1_33' title="bbox 90 4172 1307 4260; baseline -0.002 -20"><span class='ocrx_word' id='word_1_286' title='bbox 90 4173 311 4256; x_wconf 83' lang='grc' dir='ltr'>παναγιωτάτιρ</span> <span class='ocrx_word' id='word_1_287' title='bbox 332 4172 418 4259; x_wconf 80' lang='grc' dir='ltr'>ἡμῶν</span> <span class='ocrx_word' id='word_1_288' title='bbox 440 4175 583 4257; x_wconf 78' lang='grc' dir='ltr'>δεσπότῃ,</span> <span class='ocrx_word' id='word_1_289' title='bbox 598 4174 639 4257; x_wconf 71' lang='grc' dir='ltr'>τῷ</span> <span class='ocrx_word' id='word_1_290' title='bbox 655 4173 1051 4258; x_wconf 72' lang='grc' dir='ltr'>οίκουμπνικιρπατριάρχη,</span> <span class='ocrx_word' id='word_1_291' title='bbox 1073 4172 1231 4260; x_wconf 81' lang='grc' dir='ltr'>ἐγγράφως</span> <span class='ocrx_word' id='word_1_292' title='bbox 1253 4180 1307 4238; x_wconf 86' lang='grc' dir='ltr'>καί</span> 
     </span>
     <span class='ocr_line' id='line_1_34' title="bbox 92 4291 1305 4380; baseline -0.002 -24"><span class='ocrx_word' id='word_1_293' title='bbox 92 4293 239 4380; x_wconf 78' lang='grc' dir='ltr'>ἀγράφως</span> <span class='ocrx_word' id='word_1_294' title='bbox 260 4291 547 4376; x_wconf 76' lang='grc' dir='ltr'>προμηθευσοιμίνιρ</span> <span class='ocrx_word' id='word_1_295' title='bbox 569 4297 621 4354; x_wconf 89' lang='grc' dir='ltr'>καί</span> <span class='ocrx_word' id='word_1_296' title='bbox 644 4293 848 4354; x_wconf 87' lang='grc' dir='ltr'>σπαυδάσαντι</span> <span class='ocrx_word' id='word_1_297' title='bbox 872 4291 915 4361; x_wconf 79' lang='grc' dir='ltr'>εὶς</span> <span class='ocrx_word' id='word_1_298' title='bbox 937 4293 988 4374; x_wconf 81' lang='grc' dir='ltr'>τήν</span> <span class='ocrx_word' id='word_1_299' title='bbox 1006 4294 1115 4354; x_wconf 71' lang='grc' dir='ltr'>τούτων</span> <span class='ocrx_word' id='word_1_300' title='bbox 1131 4293 1305 4374; x_wconf 85' lang='grc' dir='ltr'>διόρθωσιν,</span> 
     </span>
     <span class='ocr_line' id='line_1_35' title="bbox 92 4409 1304 4496; baseline -0.001 -22"><span class='ocrx_word' id='word_1_301' title='bbox 92 4413 119 4474; x_wconf 81' lang='grc' dir='ltr'>τί</span> <span class='ocrx_word' id='word_1_302' title='bbox 138 4419 194 4477; x_wconf 88' lang='grc' dir='ltr'>καί</span> <span class='ocrx_word' id='word_1_303' title='bbox 221 4432 301 4483; x_wconf 82' lang='grc' dir='ltr'>τινες</span> <span class='ocrx_word' id='word_1_304' title='bbox 327 4409 355 4474; x_wconf 79' lang='grc' dir='ltr'>αἱ</span> <span class='ocrx_word' id='word_1_305' title='bbox 380 4413 588 4496; x_wconf 73' lang='grc' dir='ltr'>τολμήσαντες</span> <span class='ocrx_word' id='word_1_306' title='bbox 609 4412 839 4491; x_wconf 82' lang='grc' dir='ltr'>διαπράξασθαι</span> <span class='ocrx_word' id='word_1_307' title='bbox 861 4414 916 4481; x_wconf 72' lang='grc' dir='ltr'>τὰς</span> <span class='ocrx_word' id='word_1_308' title='bbox 938 4413 1082 4482; x_wconf 82' lang='grc' dir='ltr'>τοιαύτας</span> <span class='ocrx_word' id='word_1_309' title='bbox 1104 4416 1304 4493; x_wconf 80' lang='grc' dir='ltr'>παρανομίας,</span> 
     </span>
    </p>
   </div>
   <div class='ocr_carea' id='block_1_5' title="bbox 92 4523 1304 4684">
    <p class='ocr_par' dir='ltr' id='par_1_5' title="bbox 92 4523 1304 4684">
     <span class='ocr_line' id='line_1_36' title="bbox 92 4523 1304 4616; baseline -0.001 -24"><span class='ocrx_word' id='word_1_310' title='bbox 92 4529 313 4616; x_wconf 83' lang='grc' dir='ltr'>ἀμεταμίλητα</span> <span class='ocrx_word' id='word_1_311' title='bbox 335 4531 379 4592; x_wconf 80' lang='grc' dir='ltr'>ίτι</span> <span class='ocrx_word' id='word_1_312' title='bbox 400 4538 573 4601; x_wconf 87' lang='grc' dir='ltr'>νοσοῦντες,</span> <span class='ocrx_word' id='word_1_313' title='bbox 603 4531 758 4612; x_wconf 74' lang='grc' dir='ltr'>ἐξέχονται</span> <span class='ocrx_word' id='word_1_314' title='bbox 784 4523 894 4592; x_wconf 75' lang='grc' dir='ltr'>τούτων</span> <span class='ocrx_word' id='word_1_315' title='bbox 920 4529 974 4593; x_wconf 83' lang='grc' dir='ltr'>καὶ</span> <span class='ocrx_word' id='word_1_316' title='bbox 1003 4535 1078 4612; x_wconf 75' lang='grc' dir='ltr'>μετὰ</span> <span class='ocrx_word' id='word_1_317' title='bbox 1105 4530 1158 4611; x_wconf 77' lang='grc' dir='ltr'>τὴν</span> <span class='ocrx_word' id='word_1_318' title='bbox 1185 4529 1304 4594; x_wconf 79' lang='grc' dir='ltr'>ἔνδικον</span> 
     </span>
     <span class='ocr_line' id='line_1_37' title="bbox 1083 4635 1114 4684; baseline -0.032 0"><span class='ocrx_word' id='word_1_319' title='bbox 1083 4635 1114 4684; x_wconf 75' lang='grc'>27</span> 
     </span>
    </p>
   </div>
   <div class='ocr_carea' id='block_1_6' title="bbox 0 0 1640 5282">
    <p class='ocr_par' dir='ltr' id='par_1_6' title="bbox 0 0 1640 5282">
     <span class='ocr_line' id='line_1_38' title="bbox 0 0 1640 5282; baseline 0 0"><span class='ocrx_word' id='word_1_320' title='bbox 0 0 1640 5282; x_wconf 95' lang='lat' dir='ltr'> </span> 
     </span>
    </p>
   </div>
  </div>
 </body>
</html>
