3314 5266
308 329 370 388 522

306 505 376 592 παρ’
398 506 491 573 αὐτού
513 509 666 591 λεγόμενα
688 504 730 579 ῶς
751 505 917 590 λογισμούς
942 507 1018 570 θεοῦ
1045 507 1236 591 λογίζεσθαι·
1271 505 1326 570 ἀάν
1349 503 1433 571 οὔτω
1456 527 1540 570 ποι-

306 637 360 710 ήτε
375 630 428 690 καί
444 622 522 689 ούτω
537 627 709 710 διακέησθε
730 626 804 707 πρός
825 625 878 708 τήν
901 623 1068 708 ἐκκλησίαν
1090 633 1143 686 τού
1164 628 1242 687 θεοῦ
1264 629 1318 688 καί
1337 627 1420 708 πρός
1433 623 1541 688 αὐτὸν

306 747 357 806 τόν
380 743 541 827 ἱερώτατον
564 745 785 827 μητροπολίτην
807 737 903 826 ὐμῶν,
935 753 1050 824 πρῶτον
1073 747 1126 824 μέν
1149 742 1181 806 ἐν
1203 744 1244 824 τῷ
1267 751 1319 806 νύν
1344 743 1435 808 αἰῶνι
1458 743 1540 812 τούς

307 865 438 945 μισθούς
460 861 550 938 ἕξετε,
574 860 624 924 τόν
646 864 721 924 θεόν
743 865 932 944 κτησάμενοι
954 863 1119 944 σύνδρομον
1149 866 1203 924 καί
1226 863 1347 944 βοηθὸν
1369 860 1416 932 εἷς
1449 858 1536 942 ἅπερ

307 982 447 1065 χρήζετε,
481 979 606 1063 αὔξησιν
638 989 693 1064 τῆς
715 977 814 1063 ἀρχῆς
836 977 901 1062 ύμίν
922 985 1132 1063 παρεχόμενον
1154 985 1207 1043 καὶ
1228 982 1345 1052 πλάτος
1368 984 1439 1062 βίου
1474 985 1536 1042 καὶ

305 1103 489 1182 πραγμάτων
522 1096 669 1181 εὐθηνίαν
701 1096 754 1159 καὶ
787 1107 845 1159 τῶν
879 1096 1007 1174 ἀγαθῶν
1028 1101 1146 1161 πάντων
1169 1096 1333 1182 εὐημερίαν
1355 1103 1411 1161 καί
1446 1099 1535 1181 ζωήν
1650 1129 1651 1132 ¹

307 1217 431 1292 ἄλυπον,
455 1216 605 1280 ἀνώδυνον
627 1218 681 1278 καί
702 1212 804 1291 ύγείαν
828 1219 984 1298 σωμάτων,
1018 1215 1048 1279 ἐν
1070 1217 1105 1279 δέ
1126 1216 1171 1299 τῷ
1189 1219 1329 1300 μέλλοντι
1352 1219 1408 1299 τήν
1431 1219 1533 1298 βασι·
1650 1263 1651 1290 ,

308 1339 394 1400 λείαν
427 1346 484 1397 τῶν
508 1330 640 1417 οὐρανῶν
662 1337 715 1395 καὶ
737 1335 790 1416 τήν
812 1344 869 1396 τῶν
893 1332 995 1397 ἀιδίων
1017 1332 1145 1411 ἀγαθῶν
1166 1336 1376 1418 κληρονομίαν
1410 1357 1443 1396 τε
1468 1339 1531 1396 καί

307 1455 485 1527 ἀπόλαυσιν,
507 1451 589 1525 ἕξετε
611 1453 645 1512 δέ
667 1455 721 1513 καὶ
742 1455 824 1534 παρά
847 1461 900 1534 της
922 1449 1005 1535 ήμῶν
1022 1455 1215 1536 μετριότητος
1231 1454 1374 1522 ἐπαίνους
1388 1453 1533 1522 πολλοδς

305 1577 360 1636 καί
382 1572 534 1656 μεγάλους
555 1573 608 1631 καὶ
629 1566 841 1652 εὐχαριστείας
862 1575 916 1632 καί
939 1567 1034 1654 εὐχὰς
1055 1574 1128 1653 πρός
1149 1574 1200 1633 τὸν
1225 1572 1312 1644 θεὸν,
1334 1566 1371 1631 ού
1394 1566 1532 1653 ήχάρις

306 1697 361 1755 καί
382 1695 416 1754 τδ
440 1691 528 1760 ἐλεος
550 1689 596 1774 εἴη
618 1691 769 1775 διατηρῶν
791 1690 882 1774 ύμσίς,
917 1689 1149 1775 ἐστηριγμένους
1173 1687 1300 1772 ἑδραίας
1323 1687 1356 1750 ἐν
1378 1699 1417 1772 τῇ
1439 1687 1530 1772 ἀρθῇ

305 1813 359 1872 καὶ
392 1807 548 1892 ἀμωμήτῳ
569 1813 667 1872 πίστει
689 1812 743 1872 καί
765 1805 972 1878 ὑπακούοντας
994 1807 1035 1890 τῷ
1058 1812 1146 1890 πατρί
1167 1811 1221 1870 καί
1247 1807 1431 1889 διδασκάλῳ
1465 1817 1530 1869 τῶν

303 1925 453 2012 ύμιτίρων
487 1933 600 2011 ψυχῶν,
634 1925 676 1999 ύς
709 1927 744 1990 ἀν
767 1925 845 1990 οὕτω
867 1927 1124 2012 διαρολάττοισθε
1149 1925 1266 2002 ἄνοσοι,
1301 1923 1437 2007 εὔθυμοι
1469 1929 1531 1987 καί

305 2038 449 2130 ἀνύτεροι
469 2049 581 2116 παντός
603 2043 727 2129 ἀνιαροῦ
750 2043 977 2130 συναντήματος
997 2048 1027 2122 †.

388 2170 409 2243 †
444 2164 552 2248 Εἶχε
584 2167 659 2226 καί
692 2165 764 2227 διὰ
798 2169 951 2247 τιμίας
987 2173 1325 2246 πατριαρχικής
1362 2165 1530 2244 χειρός

302 2286 367 2347 τὸ·
402 2285 505 2368 μηνί
535 2282 711 2365 ίουνίῳ,
743 2281 821 2346 ίνδ.
855 2283 883 2366 η’
913 2285 942 2358 †.

538 2468 718 2534 CCLXVII.
739 2468 977 2547 (6878-1370)
998 2465 1091 2530 iunio.
1106 2465 1169 2528 ind.
1186 2463 1266 2528 VIII.

301 2610 471 2664 Ραίνίαναύα
486 2612 641 2679 episcopum
655 2609 825 2678 Νουσμναάίί
838 2620 933 2670 monet,
957 2619 989 2662 ιιί
1003 2627 1094 2662 σιτίσαι
1106 2608 1226 2676 ρύσίοιειῖ
1241 2607 1361 2676 deponat
1377 2617 1402 2660 et
1414 2617 1530 2676 pareat

457 2729 642 2796 πιστνορυίίίαα
656 2726 775 2781 Κῖυοὶαο
789 2737 815 2780 εί
829 2727 934 2795 Μαρηο
949 2725 1023 2778 Daci
1038 2727 1168 2786 Ιίιιιεὶασ,
1195 2725 1342 2777 Demetrio.

277 2896 280 2904 ·
381 2874 401 2948 †
423 2871 644 2955 Θεομιλέστατε
667 2869 812 2932 ἐπίσκοπε
834 2869 1053 2951 Νοβογρσδίου,
1076 2873 1166 2952 χάρις
1188 2869 1235 2951 εἴη
1256 2871 1309 2930 καί
1328 2867 1435 2950 εέρήνη
1456 2865 1524 2929 ἀπὸ

296 2991 374 3049 θεοῦ
396 2997 433 3070 πή
456 2989 689 3070 σήθεοηιλείη.
713 2992 882 3063 γινώσκεις,
906 2983 952 3048 δτι
974 2985 990 3050 ό
1013 2989 1069 3070 πρὸ
1093 2996 1147 3049 σού
1164 2985 1330 3054 ἐπίσκοπος
1351 2985 1523 3066 Νοβογρσ-

295 3106 362 3167 δίου
385 3104 478 3185 ἔλαβε
500 3110 581 3186 παρά
604 3115 658 3188 εής
678 3109 769 3176 θείας
789 3111 844 3168 καί
866 3105 948 3188 ἱεροῖς
962 3111 1016 3168 καί
1032 3105 1170 3190 μεγάλης
1192 3105 1319 3168 συνόδου
1342 3107 1442 3187 γιμήν,
1464 3103 1532 3188 ἵνα,
1650 3119 1651 3158 f

296 3235 375 3308 ρυρή
398 3224 441 3294 είς
462 3227 496 3285 τύ
519 3225 665 3308 ρελιύνιον
688 3221 780 3286 αὐτού
808 3225 955 3305 σταυροὺς
980 3229 1141 3306 τόσσαρας,
1175 3232 1263 3285 τοῦτο
1296 3224 1331 3284 δέ
1355 3221 1520 3306 ἐδωκενὴ

294 3345 370 3405 θεία
392 3343 518 3412 σύνοδος
539 3345 613 3424 πρὸς
636 3341 750 3404 ἐκεῖνον
773 3347 878 3425 μόνον,
905 3339 965 3426 οὐχ
985 3341 1035 3404 ἵνα
1058 3343 1119 3425 ίχη
1142 3349 1230 3404 τοῦτο
1262 3350 1323 3412 πός
1347 3339 1521 3414 ἐπίσκοπος

293 3459 513 3543 Νοβογρσδίου,
536 3457 603 3523 ἀλλ’
617 3459 730 3532 ἐκεῖνος
753 3464 855 3544 μόνος,
877 3463 953 3543 πράς
975 3461 1008 3523 δν
1029 3461 1138 3544 ἐδόθη·
1161 3455 1230 3543 ἡδὲ
1251 3463 1413 3544 μετριότης
1427 3457 1521 3544 ήμῶν

295 3577 464 3662 ἐγνώρισεν,
489 3576 535 3640 ύτι
569 3580 615 3655 αδ,
637 3583 720 3662 παρὰ
742 3581 795 3662 τήν
817 3582 899 3652 τάξιν
921 3583 1053 3663 ποιήσας
1074 3583 1129 3641 καί
1150 3583 1234 3661 παρὰ
1260 3580 1314 3661 τήν
1345 3582 1519 3662 κανονικήν

295 3699 470 3779 συνήθειαν,
495 3697 613 3776 ἔλαβες,
638 3694 709 3780 ὅπερ
732 3695 819 3760 υύδέν
842 3697 923 3782 εἶχες
946 3696 1061 3772 ἀδειαν,
1084 3702 1139 3760 καί
1161 3707 1263 3781 ρορεῖς
1282 3701 1337 3758 καί
1352 3697 1390 3760 σύ
1413 3697 1458 3767 είς
1479 3699 1516 3760 τό

294 3813 438 3896 φελιύνιύν
461 3835 516 3876 σου
539 3815 608 3885 τούς
630 3819 782 3897 τέσσαρας
804 3817 960 3898 σπασμούς,
973 3819 1027 3878 καί
1049 3812 1084 3877 οὐ
1108 3823 1196 3878 τοῦτο
1220 3817 1322 3897 μόνον,
1336 3815 1419 3876 ἀλλά
1441 3811 1516 3877 οὐδὲ

294 3931 347 4012 τήν
378 3935 550 4011 πρέπουσαν
585 3933 672 4016 τιμήν
703 3937 758 3995 καί
790 3929 927 4016 ὑπακοήν
960 3939 1014 3996 καί
1037 3929 1212 3995 εὐπείθειαν
1238 3934 1330 4005 δίδως
1352 3936 1429 4016 πρός
1463 3937 1516 3996 τόν

294 4047 453 4128 ἱερώτατον
477 4051 698 4133 μητροπολίτην
714 4050 834 4131 Κυέβου
848 4050 903 4113 καὶ
917 4055 1018 4134 πάσης
1033 4050 1171 4126 Ῥωσίας,
1195 4049 1367 4134 ύπέρτιμον,
1385 4051 1417 4112 ἐν
1434 4051 1513 4133 ἀγίιρ

292 4165 439 4243 πνεύματι
461 4162 618 4248 ἀγαπητὸν
641 4166 772 4252 ἀδελφὸν
796 4179 848 4250 τῆς
870 4165 954 4250 ἡμῶν
978 4173 1174 4250 μετριότητος
1189 4173 1243 4230 καί
1265 4170 1512 4250 συλλειτουργδν,

293 4279 361 4343 οὐτε
385 4283 441 4362 μήν
476 4285 549 4363 πρός
583 4287 632 4346 τόν
655 4285 717 4347 υἱόν
741 4307 808 4366 μου,
833 4290 882 4348 τόν
906 4283 1120 4360 εὐγενέστατον
1144 4282 1224 4368 ῥήγα
1245 4291 1348 4370 πάσης
1370 4287 1512 4360 Ῥωούας,

293 4407 348 4474 κύρ
371 4399 558 4480 Δημήτριον,
583 4401 663 4479 ἀλλὰ
687 4403 873 4466 ἀνθίστασαι
895 4410 947 4465 καί
971 4404 1137 4479 ἀντιλέγεις
1160 4402 1272 4475 αὐτοῖς.
1301 4405 1378 4486 ἅπερ
1401 4410 1512 4486 γνωρί-

292 4530 373 4577 σασα
397 4512 414 4594 ἠ
438 4521 597 4600 μετριότης
619 4515 704 4602 ήμῶν
727 4519 882 4604 ἐβαρύνθη
905 4527 955 4584 καὶ
980 4521 1119 4606 ὠργίσθη
1142 4521 1195 4586 καὶ
1214 4519 1413 4606 ἠγανάκτησε
1429 4527 1513 4586 κατά
