3262 5276
242 307 304 380 262
426 342 504 386 ,-

241 494 369 575 κόνησιν
392 503 444 576 της
465 491 626 573 βασιλείας
649 511 721 575 μου,
752 494 806 553 καί
831 492 1062 574 προσεκύνησαν
1087 492 1141 575 την
1166 493 1240 574 πρός
1262 487 1357 576 αύτην
1378 511 1462 574 γρα-

240 611 300 695 ρίγν
323 630 394 685 σου,
421 607 473 694 ἀρ’
499 605 537 694 ης
561 603 617 672 καί
643 607 803 692 ἐγνώρισεν
828 605 848 693 ἡ
877 589 1018 688 βασιλεία
1045 629 1118 691 μου,
1145 604 1218 671 ὅσον
1246 607 1377 694 ἔγραφες
1402 611 1463 672 καί

241 724 393 812 ἀνόρερτς.
417 725 461 797 τίς
483 733 572 790 τούτο
596 734 682 804 γοῦν,
711 722 784 790 ύσυν
811 724 931 802 ἐγένετο
951 725 994 796 είς
1017 729 1065 801 σὲ,
1091 731 1147 789 καί
1173 723 1374 811 ἀπεκόπησαν
1400 729 1463 810 τρά

241 842 347 924 όλίγου
380 843 413 909 αἱ
446 845 610 934 ίπισκοπαί
644 867 715 922 σου,
748 842 838 908 ούδὲν
870 843 908 930 ἦν
934 843 1012 908 ἄλλο
1039 847 1074 908 τό
1100 845 1211 922 αἴτιον,
1238 845 1266 910 εί
1292 848 1334 930 μὴ
1356 843 1376 931 ἡ
1399 857 1463 910 τῦν

239 966 425 1047 πραγμάτων
448 966 594 1048 σύγχυσις
615 969 670 1028 καί
693 963 866 1048 ἀνωμαλία,
893 963 931 1048 ἣν
953 963 1081 1048 ἔμελλες
1103 971 1258 1049 γνωρίσειν
1280 971 1335 1028 καί
1356 965 1404 1040 σύ,
1426 963 1462 1027 ἐν

211 1095 213 1100 ·
240 1082 336 1164 ταύτη
370 1085 429 1166 γὰρ
457 1083 580 1168 πολλῶν
610 1086 664 1146 καί
695 1081 796 1146 ἀλλων
829 1081 1033 1167 ἀτοπημάτων
1065 1085 1232 1161 γεγόνοτυν
1263 1087 1318 1146 καί
1348 1101 1461 1146 καινο-

240 1209 353 1282 εομιῶν
377 1203 433 1284 καί
459 1198 498 1264 δι’
521 1199 602 1264 ἀλλα
625 1205 680 1285 μίν
707 1202 802 1278 αἴτια,
830 1205 877 1293 τόΙ
892 1205 993 1286 μεῖζον
1020 1201 1055 1264 δὲ
1083 1201 1135 1264 διὰ
1161 1203 1214 1286 την
1240 1206 1462 1286 κακογνωμίαν

240 1325 293 1380 τού
322 1325 569 1403 χρηματίσαντος
593 1323 785 1404 πατριάρχου
807 1320 1165 1396 Κωνσταντινυυπόλεως,
1188 1319 1309 1398 ίγίνετο
1335 1325 1390 1384 καί
1416 1319 1462 1392 είς

240 1434 320 1521 ύμᾱς
342 1439 473 1524 τοιαύτη
492 1443 696 1522 καινοτομία·
724 1437 790 1502 ἐπεί
821 1441 855 1502 δὲ
883 1438 993 1522 ἀρτίως
1020 1435 1172 1524 εὐδόκησα
1199 1442 1233 1502 τύ
1260 1443 1341 1522 μίγα
1371 1439 1462 1510 ίλεος

241 1564 294 1620 τού
315 1559 408 1642 θεοῦ,
431 1563 485 1620 καί
507 1555 608 1642 ἦλθον
631 1561 669 1620 τά
694 1561 860 1652 πράγματα
888 1557 932 1630 τίς
958 1557 1110 1642 είρηνικην
1134 1561 1189 1621 καί
1210 1558 1330 1620 τελείαν
1356 1561 1459 1620 κατά-

240 1680 362 1753 στασιν,
389 1681 445 1739 καί
471 1674 625 1762 ἐξεβλήθη
648 1680 703 1760 μὲν
725 1681 779 1738 καί
799 1679 969 1760 καθηράθη
998 1673 1089 1748 αύτύς
1116 1673 1204 1746 ούτος
1227 1673 1244 1739 ό
1266 1675 1462 1760 χρηματίσας

240 1797 431 1878 πατριάρχης
452 1793 813 1868 Κωνσταντινουπόλεως,
837 1792 878 1864 ύς
899 1797 981 1876 παρὰ
1003 1795 1136 1864 κανόνας
1163 1798 1316 1876 πράττων,
1341 1795 1461 1877 ύιόκρι·

242 1935 275 1976 νε
301 1915 336 1976 m
363 1911 383 1998 ἡ
407 1915 550 1994 βασιλεία
572 1935 631 1997 μου
654 1917 731 1998 μετὰ
753 1917 854 1998 ψήφου
877 1923 930 1996 τῆς
952 1916 1043 1984 θείας
1065 1917 1119 1975 καί
1140 1911 1224 1994 ίερᾱς
1245 1913 1383 1990 συνόδου,
1404 1917 1462 1976 καί

243 2036 351 2109 γόγονυ
372 2035 428 2094 καί
450 2029 646 2115 ἀποκατέστη
672 2031 884 2114 υίκουμενικός
904 2035 1095 2115 πατριάρχης
1117 2029 1134 2094 ό
1156 2033 1275 2114 κριθείς
1301 2029 1385 2104 ἀξιος
1406 2033 1462 2093 καί

243 2147 390 2233 ἀρμύόιος
413 2149 456 2220 είς
477 2157 566 2214 τούτο
594 2149 645 2214 διὰ
666 2154 700 2214 τό
726 2154 828 2232 περιόν
857 2147 939 2234 αύτῷ
965 2160 1019 2234 τῆς
1047 2148 1156 2233 ἀρετῆς
1177 2153 1232 2212 καί
1252 2157 1461 2232 πνευματικῆς

241 2271 297 2330 καί
324 2269 495 2350 θεαρίστοο
522 2270 676 2340 πολιτείας
702 2273 756 2331 καί
783 2279 836 2352 τῆς
862 2273 1058 2350 τῶντρόπων
1083 2270 1307 2351 χρηστότητος,
1330 2265 1460 2349 ἀνετρά-

242 2407 354 2468 πησαν,
377 2382 438 2448 ὅσα
459 2395 586 2449 τοιαῦτα
608 2385 746 2463 ἐγίνοντο
768 2383 839 2470 παρ’
856 2383 949 2448 αύτού
972 2395 1025 2448 τού
1048 2389 1294 2469 χρηματίσαντος
1309 2386 1459 2466 πατριάρ-

243 2503 424 2588 χουᾶτυπα
446 2509 500 2568 καί
523 2506 581 2579 ἔξω
602 2515 660 2567 τῶν
682 2509 775 2568 θείων
797 2509 850 2568 καί
872 2503 958 2588 ἱερῶν
973 2507 1126 2579 κανόνων,
1146 2500 1402 2586 ἀπυκατίστησαν
1425 2503 1461 2565 δὲ

243 2627 298 2686 καί
317 2621 412 2719 Ιαὖθις
435 2623 477 2695 τίς
499 2626 552 2709 τὴν
573 2627 717 2708 πρότερον
738 2627 820 2699 τάξιν
846 2645 879 2686 τε
905 2622 961 2686 καί
985 2627 1185 2686 κατάστασιν.
1214 2621 1320 2704 ἐπειδὴ
1347 2619 1460 2705 ἀνόρε-

245 2762 297 2824 ρεν
322 2739 342 2826 ἡ
370 2741 488 2826 ἱερότης
510 2725 566 2805 σου
588 2742 631 2814 είς
653 2745 706 2827 την
730 2744 888 2824 βασιλείαν
911 2763 970 2825 μου
990 2745 1058 2825 περί
1078 2749 1133 2824 τῆς
1158 2745 1317 2818 γεγονυίας
1338 2734 1461 2814 καίείς

245 2864 280 2922 σὲ
302 2862 443 2943 τοιαύτης
465 2865 677 2944 καινοτομίας,
699 2865 753 2922 καί
775 2858 893 2944 ἐζήτεις
916 2858 1166 2943 ἀποκαταστῆναι
1188 2855 1230 2930 ὣς
1251 2861 1306 2920 καί
1326 2861 1361 2920 τό
1383 2863 1460 2942 πρύ·

245 2999 342 3064 τερον,
365 2977 492 3060 ἑτοίμως
517 2981 703 3062 ηβασιλεία
728 2999 787 3060 μου
812 2980 1040 3062 πρυσδεξαμόνη
1067 2981 1102 3040 τύ
1127 2981 1197 3059 περί
1224 2979 1330 3040 τούτου
1355 2978 1460 3060 διωρί-

246 3119 322 3161 σατο
348 3099 402 3159 καὶ
430 3094 571 3180 ἀπελύθη
598 3097 824 3179 χρυσόβσυλλον
851 3093 889 3158 αύ
911 3105 960 3179 ης,
991 3097 1197 3180 διυριξύμενον
1224 3094 1301 3158 εἶναι
1328 3101 1382 3158 καί
1408 3093 1462 3160 εύ-

246 3214 411 3301 ρίσκεσθαι
432 3219 486 3277 καί
507 3214 549 3286 είς
571 3217 606 3277 τύ
628 3213 697 3299 ἑξῆς
719 3218 773 3285 τὰς
796 3213 968 3292 ἁγιωτάτας
990 3213 1159 3286 ὲπισκυπάς
1180 3224 1235 3300 τῆς
1247 3213 1369 3296 Μικρᾱς
1382 3213 1462 3278 Ῥω-

246 3339 325 3411 σίας,
347 3338 401 3417 τήν
424 3354 456 3396 τι
476 3333 645 3404 Γάλλίτξαν
671 3338 725 3396 καί
747 3339 801 3405 τάξ
823 3336 941 3408 λοιπὰς,
965 3331 1020 3397 ύτύ
1043 3334 1097 3417 την
1120 3336 1176 3418 σὴν
1198 3338 1340 3418 τοιαύτην
1363 3331 1462 3412 ἁγιω-

245 3455 339 3536 τάτην
361 3453 555 3535 μητρόπολιν,
577 3455 651 3534 πρὸς
674 3449 765 3514 αύτύν
787 3453 821 3513 δὲ
844 3453 895 3514 τόν
917 3451 1088 3535 Γαλλίτζης
1103 3447 1300 3535 διωρίσατυὴ
1317 3453 1462 3532 βασιλεία

239 3559 305 3653 ’μου
327 3571 515 3650 καταλαβεῖν
537 3567 674 3632 ἐνταῦθα
696 3569 744 3633 ἐπὶ
765 3569 808 3651 τηῖ
831 3567 1034 3655 ἐξετασθῆναι
1055 3573 1094 3632 τά
1116 3566 1185 3631 κατ’
1202 3563 1294 3630 αὐτοῦ
1309 3569 1463 3652 λεγόμενα

247 3685 443 3770 ἐγκλήματα,
471 3685 549 3770 ἀπερ
576 3693 629 3750 καί
654 3693 802 3770 πρότερον
828 3684 896 3748 κατ’
920 3683 1013 3750 αύτού
1039 3686 1186 3771 ίκίνησας
1215 3689 1269 3748 καί
1293 3694 1344 3748 νύν
1368 3683 1462 3758 αὖθις

245 3815 350 3875 κινεῖς·
373 3806 426 3867 διὰ
448 3813 536 3868 τούτο
559 3807 715 3891 δηλσποιεϊ
740 3808 814 3887 πρύς
841 3807 895 3888 την
922 3803 1064 3909 ἱερότητά
1091 3828 1147 3870 σου
1173 3802 1193 3888 ἡ
1222 3806 1365 3885 βασιλεία
1392 3826 1461 3888 μου,

245 3919 287 3993 ὡς
310 3911 361 3998 ἀν,
389 3923 471 4005 εἴπερ
499 3925 583 4008 ἔχεις
610 3921 738 3987 εὔκολον
767 3927 822 3985 καί
849 3919 938 3985 οὐδὲν
965 3928 1103 4008 φαίνεταί
1132 3945 1182 3985 σοι
1208 3921 1364 4004 ἐμποδὼν,
1391 3920 1461 3985 ούτε

245 4043 279 4103 τύ
303 4051 402 4123 μῆκος
424 4051 477 4125 τῆς
499 4041 572 4104 ὁδοῦ
588 4046 641 4103 καί
663 4039 680 4103 ύ
703 4039 844 4102 ἐντεῦθεν
865 4037 1058 4124 ύρορύμενος
1079 4041 1226 4116 κίνδυνος,
1249 4039 1318 4104 υύτε
1340 4043 1393 4102 διά
1414 4063 1461 4102 τι-

246 4179 283 4221 να
304 4159 377 4230 ἴσως
400 4159 579 4234 ἀσθένειαν,
602 4159 783 4241 καταλάβης
811 4156 957 4234 ἐνταῦθα,
983 4163 1037 4221 καὶ
1058 4163 1292 4242 προηγουμένως
1315 4162 1370 4241 μὲν
1389 4157 1462 4242 mu<

247 4281 298 4338 καί
325 4277 378 4359 τὴν
406 4276 564 4357 βασιλείαν
593 4297 650 4357 μου
673 4277 716 4347 τίς
743 4275 902 4361 ἀποδοχὴν
926 4276 1060 4360 ἔχουσαν
1084 4273 1231 4370 αύτῆςιτύ
1254 4281 1324 4359 περὶ
1345 4279 1462 4353 τούτου,

247 4399 370 4478 γίνηται
392 4395 426 4456 δὲ
453 4397 508 4456 καί
529 4389 549 4476 ἡ
573 4397 696 4478 τοιαύτη
720 4393 855 4466 ἐξέτασις
878 4406 936 4458 τῶν
963 4403 1015 4458 τού
1041 4395 1210 4478 Γαλλίτζης
1236 4399 1461 4478 κατηγορημά-

249 4533 314 4588 των,
339 4515 563 4597 παρυύσηςκαί
587 4520 639 4595 τῆς
662 4512 814 4596 ἱερότητύς
838 4535 901 4588 σου,
925 4518 978 4578 καί
997 4515 1140 4578 ὲντεόθεν
1156 4520 1279 4596 γένηται
1295 4513 1338 4585 τίς
1361 4512 1461 4587 αύτόν,
