3258 5282
274 265 337 326 36⁰

275 452 402 535 ρότητα,
426 449 467 521 ῶς
490 447 526 511 ἂν
549 450 683 531 μάλιστα
706 449 815 510 διὰτὸ
838 446 1016 532 ἐπιστρέψαι
1038 445 1098 511 ἀπό
1121 457 1176 530 τῆς
1201 449 1325 530 πλάνηςΙ
1343 452 1404 508 καὶ
1433 444 1512 507 ἀσε-

276 569 363 648 βείας
384 568 472 629 τόνδε
495 569 546 629 τόν
574 564 708 650 ἀδελφόν
735 561 829 628 αύτοό
861 566 943 648 λιίβη
972 565 1021 628 ἐπί
1048 585 1114 628 τινα
1139 566 1282 649 καιρικήν
1304 567 1514 646 προθεσμίαν

276 689 310 750 τό
333 685 504 768 ἐνδόσιμον,
526 690 580 748 καί
604 683 728 766 ἀπέλθη
752 683 800 746 ἐπὶ
827 686 922 766 τούτῳ
950 682 1064 758 ἐκεῖσε,
1091 686 1371 766 καθοποσχόμενος
1391 679 1439 744 δι’
1466 679 1517 742 οἱ·
1570 664 1619 794 κ

275 801 452 886 κειοχείρου
473 805 653 886 γράμματος
679 797 773 864 αύτοῡ
802 806 856 864 καί
881 801 946 883 ἰδία
974 797 1134 886 ὑπογραφῇ
1162 806 1408 884 πεπιστευμένου,
1443 799 1517 860 ἐπι·
1594 793 1623 899 λι

277 932 385 1005 στῆναι
408 921 669 1005 ἀλογοπραγήτιυς
691 932 729 1005 τη
751 919 826 983 καθ’
848 918 932 1005 ἡμας
953 919 1023 1004 ἱερᾷ
1046 925 1099 983 καί
1121 924 1196 1001 θεία
1209 923 1336 1002 ’συνόδῳ
1351 925 1407 982 καί
1427 917 1517 981 ἀπο-

276 1043 477 1125 λογήσασθαι
499 1048 552 1103 καί
573 1040 621 1104 ἐπὶ
643 1051 705 1112 τοῖς
728 1039 843 1124 ἑτέροις
865 1039 1068 1124 ἐγκλήμασιν,
1091 1038 1136 1124 ἐφ’
1159 1039 1203 1112 οἷς
1222 1051 1448 1124 κατηγορεῖτο,
1475 1011 1525 1100 δι’

277 1158 350 1222 ύλου
374 1170 427 1223 τού
448 1162 658 1244 παρελθόντος
681 1158 851 1242 δκτωβρίου
874 1163 980 1244 μηνός,
1003 1157 1057 1222 ἅτε
1078 1161 1116 1242 δή
1131 1164 1186 1222 καί
1201 1170 1259 1222 τῶν
1275 1157 1520 1222 ἀντικαθιστα-

278 1286 382 1366 μένων
398 1281 494 1368 τούτῳ
513 1281 775 1362 ,μετακληθέντων
797 1283 851 1340 καί
876 1284 1145 1374 παραγενομένων·
1174 1276 1237 1340 ἐπεὶ
1265 1279 1299 1340 δέ
1327 1274 1423 1348 αάτός
1456 1281 1521 1359 μὲν

278 1400 429 1482 ἐψεύσατο
452 1401 505 1482 τὴν
528 1395 704 1481 ύπόσχεσιν,
728 1397 757 1460 οἱ
779 1399 817 1485 δη
840 1399 1066 1482 διαληφθέντες
1088 1397 1176 1479 ίερεῑς
1198 1395 1278 1480 ἦσαν
1294 1408 1333 1480 τη
1348 1396 1522 1478 ἐκκλησία

277 1519 544 1601 προσεδρεύοντεςὁ
566 1521 620 1580 καί
651 1517 1011 1600 προσταλαιπωρυύμενοι
1046 1517 1175 1598 πλείστη
1211 1519 1415 1596 κακοπαθείᾳ
1459 1518 1523 1576 καί

278 1638 393 1700 ἑαυτῶν
415 1659 450 1715 γε
472 1649 530 1700 τῶν
554 1629 730 1712 ἀναγκαίων
752 1640 1024 1718 κατατρυχύμενοι,
1049 1616 1195 1698 συνοδικά
1217 1640 1399 1721 ψηφίσματα
1427 1636 1520 1700 πολ-

278 1757 368 1826 λοὶκις
391 1760 445 1818 καὶ
466 1757 619 1841 διαφόρως
642 1754 845 1838 ἀπελύθησαν
867 1757 942 1835 πρός
966 1751 1057 1818 αύτόν
1080 1753 1129 1818 ἐπί
1151 1753 1192 1836 τῷ
1214 1752 1385 1836 ἀφικέσθαι
1404 1753 1520 1834 ἀπρο-

279 1879 433 1958 φασίστως
456 1874 498 1944 εἰς
521 1876 574 1956 τὴν
597 1875 724 1937 σύνοδον
747 1873 810 1946 καὶ,
827 1873 855 1936 εἴ
868 1895 902 1948 γε
917 1874 1050 1948 δύναιτο,
1075 1873 1338 1956 ἀπολογήσασθαι
1355 1877 1424 1954 περὶ
1450 1881 1520 1932 τῶν

280 1995 524 2075 ἐπενηνεγμένων
546 1989 613 2054 κατ’
637 1987 731 2054 αότυό
758 1983 899 2054 τοιούτων
928 1991 1131 2074 αίτιαμάτων,
1159 1991 1308 2074 δοθείσης
1334 1995 1389 2052 καὶ
1412 1991 1520 2052 πάλιν

280 2107 361 2193 αύτῷ
382 2109 488 2192 ἑτέρας
510 2121 652 2193 καιρικῆς
676 2111 814 2192 διωρίας,
843 2116 951 2194 μέχρις
977 2115 1031 2170 καί
1059 2107 1132 2171 όλοο
1159 2110 1279 2192 δηλαδὴ
1307 2117 1360 2170 τοῦ
1388 2109 1518 2191 παρελ-

279 2231 391 2298 θόντος
415 2191 582 2310 ἀπριλλίύυ,
606 2230 700 2291 τῶνδε
723 2238 781 2290 τῶν
803 2227 906 2311 ἰτρίων
929 2231 1011 2290 κατὰ
1033 2229 1084 2289 τόν
1107 2223 1214 2310 ὅμοιον
1236 2230 1344 2310 τρόπον
1366 2225 1516 2290 ἐνταῦθα

280 2349 548 2430 κατατριβομένων
571 2351 624 2410 καὶ
645 2349 698 2430 την
721 2349 870 2428 τοσαύτην
894 2343 1102 2431 ύρισταμένων
1128 2346 1336 2428 ταλαιπωρίαν
1362 2349 1418 2408 καί
1443 2365 1514 2406 κα·

252 2501 263 2534 ,·
281 2468 456 2527 κοπάθειαν
478 2469 532 2528 καί
553 2467 607 2548 την
629 2463 748 2528 ἐκείνοιν
771 2464 869 2550 ἀριειν
893 2464 1103 2554 ἀναμενόντων
1124 2468 1179 2527 καί
1200 2465 1447 2544 διαβιβασοὶντων
1472 2457 1513 2524 ού

282 2589 372 2666 μόνον
395 2585 448 2668 τὴν
471 2588 538 2648 τότε
561 2593 615 2647 τοό
638 2589 815 2667 μετοπῶρου
836 2583 927 2666 ἀραν,
952 2581 1033 2646 ἀλλὰ
1051 2587 1105 2645 καί
1120 2585 1173 2666 την
1189 2592 1242 2670 τού
1258 2591 1422 2666 χειμῶνος,
1443 2581 1513 2666 ἤδη

281 2705 315 2764 δέ
341 2707 396 2765 καὶ
422 2704 547 2786 ταυτηνί
574 2701 687 2785 σχεδόν
707 2703 766 2785 τὴν
792 2709 845 2764 τοῦ
879 2703 1076 2782 ἐνισταμένου
1108 2703 1231 2780 θέρους.
1258 2703 1375 2784 προέβη
1403 2706 1512 2784 μόντοι

280 2826 334 2883 καί
357 2817 449 2891 αὖθις
472 2821 632 2883 συνοδικόν
654 2823 796 2904 ψήφισμα
818 2821 893 2900 πρός
917 2815 1007 2881 αύτόν
1029 2816 1184 2902 ὲμβριθῶς
1208 2816 1239 2880 ὲν
1260 2817 1374 2900 ἰσχυρᾷ
1397 2822 1509 2900 βεβαι-

281 2944 354 3002 ῶσει
377 2937 627 3024 ἐπιφωνούμενον,
650 2937 706 3014 ὡς,
732 2938 815 3022 εἴπερ
844 2937 899 3000 καὶ
924 2939 1026 3014 πάλιν,
1052 2948 1312 3022 περιφρονητικῶς
1338 2939 1510 3012 διατεθείς,

282 3056 339 3121 ούκ
361 3058 530 3140 ἀπαντήσει
552 3059 635 3129 ἐντός
657 3069 710 3143 τῆς
733 3058 967 3141 ἀποταχθείσης
989 3060 1111 3140 διωρίας
1133 3061 1215 3120 κατὰ
1240 3059 1357 3142 πολλὴν
1385 3079 1508 3136 συγκα-

281 3181 419 3259 τοίβασιν,
443 3176 536 3261 ἤγουν
559 3187 611 3240 τοῦ
634 3169 843 3259 ἀοιρελθόντος
867 3174 1040 3259 ἀπριλλίου,
1067 3175 1109 3246 όις
1132 3173 1316 3260 δεδήλωται,
1340 3175 1383 3248 ὣς
1405 3199 1508 3241 κατα-

283 3307 400 3382 φρονῶν
425 3300 477 3376 μέν
500 3301 554 3358 καί
576 3306 630 3379 της
652 3307 710 3357 τῶν
733 3299 827 3358 θείων
849 3299 903 3358 καί
925 3293 1010 3377 ἱερῶν
1033 3298 1169 3357 κανόνων
1195 3296 1455 3376 παρακελεύσειύς
1476 3319 1511 3360 τε

284 3419 337 3477 καί
359 3416 535 3485 διατάξεως,
559 3413 679 3476 ἀθετῶν
703 3415 735 3476 δὲ
759 3421 813 3502 γαί
834 3415 887 3496 τὴν
909 3415 984 3495 πρός
1005 3415 1059 3496 τὴν
1084 3413 1210 3475 σύνοδον
1236 3412 1317 3475 ίδίαν
1340 3408 1509 3498 ύπόσχεσιν

285 3529 377 3595 αύτοό
394 3531 656 3615 ὁμολογουμένως,
666 3537 852 3615 καθαιρέσει
867 3530 1122 3616 ύποβληθηστται
1135 3531 1230 3596 ἕνεκα
1246 3542 1304 3594 τῶν
1320 3529 1507 3611 ἀποδεδειγ-

283 3659 379 3735 μένων
405 3653 472 3716 κατ’
496 3650 590 3716 αυτοῦ
618 3655 760 3738 τοιούτων
788 3653 1005 3736 ἐγκλημάτων,
1034 3652 1072 3715 δι’
1097 3651 1137 3744 ὧν
1165 3663 1227 3723 τοίς
1253 3656 1380 3716 κανόσιν
1409 3652 1509 3736 ἐφάνη

284 3775 540 3853 προσκεκρουκὼς
568 3777 622 3834 καί
651 3751 886 3855 ἐμπαροινηυας.
915 3771 1032 3847 ἐκεῖνος
1064 3777 1167 3854 μέντοι
1193 3792 1229 3848 γε
1255 3777 1310 3834 καί
1337 3773 1509 3858 διαρρήδην

285 3893 529 3973 διωμολόγησεν,
554 3893 598 3954 ἔτι
622 3889 779 3975 ἐπιδημῶν
803 3889 954 3968 ἐνταῦθα,
984 3889 1163 3975 ὑπεραλγῶν
1186 3893 1283 3974 δῆθεν
1305 3891 1354 3955 ἐπί
1381 3905 1419 3978 τη
1450 3899 1508 3977 ψυ-

283 4021 359 4092 χικη
383 4008 520 4090 ἀπωλείιγ
547 4020 599 4072 τού
627 4009 779 4096 ἀδελφοῦ,
807 3997 857 4084 ἀς,
886 4011 966 4093 εἴπερ
988 4010 1140 4073 ’ἀπεδίδου
1172 4012 1225 4092 την
1252 4011 1507 4095 καταβληθείσαν

283 4133 367 4210 παρὰ
391 4129 483 4189 τῶνδε
506 4141 563 4192 τῶν
587 4129 688 4212 ἱερέων
713 4131 828 4204 ἔξοδον,
853 4129 1049 4192 ἀπελθόντων
1077 4128 1108 4200 ἐἰ
1135 4128 1233 4198 αέτίας
1260 4125 1355 4191 αύτοό
1382 4130 1427 4200 εἰς
1455 4135 1507 4192 τόν

283 4247 397 4328 λάνην,
414 4249 557 4328 καθάπερ
580 4249 696 4350 τῖρητηι
719 4248 867 4330 ἀνωτέρω,
892 4245 1060 4309 κάντεῦθεν
1083 4249 1290 4323 κατεπαύοντο
1313 4254 1367 4308 καί
1383 4251 1423 4310 τά
1439 4246 1506 4308 ἐπι-

283 4369 394 4444 ρυέντα
418 4366 588 4436 σκάνδαλα,
613 4365 668 4428 οάκ
692 4365 727 4428 ἀν
751 4365 766 4430 ό
791 4365 938 4450 ἀδελφός,
967 4365 1007 4438 όις
1031 4369 1071 4450 μη
1095 4365 1207 4451 ὤφελε,
1237 4366 1277 4448 tq}
1304 4367 1506 4448 μουσουλμα-

234 4560 236 4566 !
283 4486 378 4562 νιομηί
399 4489 580 4564 περιέπιπτε,
606 4487 830 4567 μεμαρτύρηται
852 4487 886 4546 δὲ
911 4483 1061 4568 ἀριδήλιυς
1085 4490 1122 4546 τὰ
1142 4489 1208 4566 περὶ
1230 4487 1336 4546 τούτου
1352 4491 1407 4546 καί
1421 4491 1506 4567 παρὰ
