3314 5266
323 279 389 342 542

323 467 455 534 πίστεως
475 462 637 546 πρύμαχος
658 461 712 524 καί
734 459 912 546 φροντιστής,
935 470 993 526 τῶν
1026 469 1206 546 χριστιανῶν
1229 457 1422 549 ἀδιάλειπτος
1444 463 1543 522 τελῶν

329 577 376 664 ήν,
398 577 503 663 πολλῷ
523 579 557 640 δί
580 577 621 662 τῷ
642 585 696 662 τῆς
717 577 922 650 διδασκαλίας
944 573 1056 662 βείθριρ
1081 583 1137 651 τὰς
1152 575 1291 642 άπάντεεν
1315 576 1450 662 ἀρδεύειν
1464 576 1545 640 καθ’

322 695 442 784 ήμίραν
457 700 559 782 βυχάς
573 700 628 760 καί
641 697 702 760 δεῖν
724 694 864 779 ίτοίμους
885 695 962 760 εἶναι
982 698 1057 780 πρδς
1078 699 1133 768 τάς
1147 703 1201 760 τού
1215 701 1348 780 πονηροῦ
1370 695 1539 778 μεθυδείας

324 818 479 882 διδάσκων
513 814 724 896 ἀνθίστασθαι
755 820 809 879 καί
833 819 948 886 πάντας
969 818 1094 891 πείθων,
1121 816 1164 900 μή,
1182 825 1246 886 ,τοίς
1268 816 1376 876 τούτου
1397 835 1537 900 ποριστι-

324 945 392 1006 κοίς
423 931 614 998 ἁλίσκεσθαι
646 934 862 1018 δελεάσμασιν.
892 930 966 996 δδί
988 941 1042 1018 τῆς
1063 931 1201 1004 ίναντίας
1223 931 1344 1016 ίκείνης
1376 935 1538 1016 γενύμτνος

324 1057 433 1136 μοίρας
456 1061 513 1114 τείν
536 1048 675 1123 ζιζανίων
708 1052 845 1134 σπορεύς,
878 1049 998 1133 ἐπείπερ
1023 1050 1086 1114 οἶδε
1108 1055 1163 1122 τάς
1185 1055 1239 1135 μίν
1262 1048 1371 1113 ἐαυτοῦ
1394 1053 1537 1135 μηχανὰς

274 1151 276 1154 ’
321 1175 379 1234 καί
399 1174 604 1252 κακουργίας,
638 1167 686 1240 αίς
717 1170 812 1232 πάλαι
834 1170 887 1253 τήν
909 1168 1008 1254 άρχήν
1030 1173 1084 1233 καί
1106 1173 1197 1254 μίχρι
1219 1177 1271 1233 τοῦ
1298 1170 1387 1253 δεύρυ
1410 1173 1450 1260 τά
1465 1189 1537 1252 γρι-

257 1357 259 1362 ,
322 1289 479 1353 στιανικδν
502 1291 713 1372 μεταστρίμυν
736 1291 823 1364 γίνσς
845 1285 1013 1371 ἐχρήσατο,
1029 1298 1074 1373 τῇ
1096 1290 1191 1372 θείκή
1217 1289 1344 1370 δυνάμει
1376 1307 1537 1370 καταργη-

321 1410 445 1482 θείσας,
478 1410 533 1469 καί
566 1406 603 1478 άς
634 1408 821 1490 κατήνεγκεν
854 1405 985 1490 αίρίσεις
1007 1412 1062 1470 καί
1081 1407 1267 1479 κακοδοξίας
1292 1410 1346 1469 καί
1378 1410 1537 1490 σχίσματα

321 1529 379 1588 καί
400 1527 605 1610 καινορανίας
625 1527 680 1586 καί
701 1523 819 1595 πλάνας
839 1527 995 1601 παντοίας,
1018 1527 1071 1609 τήν
1092 1522 1119 1588 δ’
1142 1522 1309 1608 λκκλησίαν
1330 1534 1368 1607 πή
1391 1531 1444 1586 τοῦ
1459 1522 1537 1605 Χρι-

325 1650 399 1706 σποί
420 1645 524 1727 χάριτι
544 1640 665 1726 εἰρήνην
687 1640 822 1720 άγουσαν
844 1645 1006 1728 σταθηράν
1027 1647 1081 1708 καί
1102 1644 1238 1728 γαλήνην
1259 1645 1314 1706 καί
1335 1645 1374 1705 τά
1395 1646 1450 1724 μίν
1469 1640 1537 1703 ίδια

323 1765 417 1826 τάκνα
437 1762 591 1826 πάντοθεν
612 1761 861 1845 περιθάλπουσαν
883 1766 937 1826 καί
959 1762 1000 1846 τῷ
1020 1772 1073 1846 τῆς
1106 1756 1263 1842 εὐσεβείας
1285 1764 1452 1846 τρίρσυσαν
1474 1761 1536 1836 γά-

320 1880 424 1966 λακτι,
446 1882 484 1942 τά
506 1879 541 1940 δί
563 1897 597 1955 γε
619 1880 690 1952 ξίνα
707 1881 765 1962 καί
785 1882 885 1967 πύρριο
906 1901 964 1943 που
986 1880 1134 1943 διεστῶτα
1154 1881 1404 1964 πρυκαλυυμίνην
1427 1899 1459 1940 τε
1481 1880 1537 1940 καί

321 1995 522 2076 συνάγουσαν,
545 1997 598 2081 τήν
620 1995 758 2080 ἁλμυρὰν
779 1997 869 2072 δόξαν
892 2008 946 2083 τῆς
968 1997 1110 2079 ἀσεβείας
1131 1975 1270 2082 ποτίμοις
1302 2007 1356 2082 ιής
1378 1993 1537 2079 εὐσεβείας

321 2113 575 2204 ἆποκλοίρμίνην
598 2109 740 2198 βήμασιν,
763 2125 813 2178 νύν
834 2118 909 2200 πρὸς
923 2118 958 2180 τά
973 2117 1143 2180 τελευταίαν
1164 2121 1218 2179 καί
1241 2119 1341 2199 μεῖζον
1355 2095 1464 2188 κακὸν,
1479 2118 1537 2186 τάς

320 2240 465 2317 γοητείας
486 2235 628 2317 δηλονότι
649 2238 703 2296 καί
724 2239 854 2317 μαγείας
875 2239 929 2297 καί
951 2233 1070 2316 δπιρδάς
1090 2237 1125 2297 τδ
1146 2235 1338 2318 ταλαίπωρον
1360 2237 1448 2310 γίνος
1476 2242 1536 2295 τῶν

324 2347 492 2434 άνθράπιεν
514 2348 531 2416 δ
554 2349 761 2434 ἀντικείμενος
783 2349 920 2414 ίκκλίναι
943 2349 1164 2436 ἀντιτεχνᾶται,
1186 2355 1241 2414 καί
1261 2359 1315 2434 τῆς
1329 2354 1421 2413 νάσου
1437 2371 1533 2433 μετα-

320 2467 430 2540 δίδιοσιΙ
449 2468 561 2550 ταύτης
582 2465 639 2531 καὶ
659 2475 712 2530 τού
725 2470 898 2552 Ιφαρμάκου
920 2479 981 2538 τοῖς
1006 2465 1223 2567 άπλουστίροις
1254 2490 1285 2530 τε
1307 2471 1362 2531 καί
1384 2465 1533 2550 ἀκεραιο·

319 2591 417 2668 τίρυις
449 2590 503 2648 καί
528 2583 711 2671 ἀφυλάκτως
744 2583 775 2658 ie
807 2582 988 2668 ἆπροσεξίας
1010 2588 1135 2666 βιοῦσιν,
1162 2585 1236 2649 ὅθεν
1257 2591 1312 2649 καί
1334 2584 1448 2668 ἄνδρας
1479 2589 1533 2647 καί

320 2705 430 2780 γύναιά
460 2724 525 2766 τινα
556 2706 673 2786 πονηρά
705 2681 853 2783 ύπίβαλεν
881 2699 898 2765 δ
932 2702 1046 2787 ἐχθρὸς
1080 2710 1220 2786 μαγείαις
1245 2725 1277 2766 το
1308 2706 1533 2786 προσκειμίνας

318 2823 373 2882 καί
396 2817 455 2883 ἀπὸ
477 2821 597 2890 κοιλίας
619 2823 768 2902 μαντικὰς
790 2819 940 2904 φλυαρίας
962 2819 1016 2882 καὶ
1037 2822 1219 2902 διαβολικδις
1241 2822 1457 2905 ρθεγγομίνας
1478 2821 1534 2880 καί

318 2940 420 3020 πάσης
444 2935 589 3018 ἀσεβείας
611 2939 735 3019 μεστάς,
759 2935 803 3008 είς
826 2934 975 3021 ἀθίτησίν
996 2959 1028 3001 τε
1051 2947 1104 3021 τῆς
1126 2935 1293 3020 δρθοδύξυυ
1314 2939 1369 3000 καί
1386 2931 1533 3017 εὐσεβοῦς

317 3063 376 3118 σιἐν
399 3063 580 3139 χριστιανιύν
601 3059 730 3125 πίστεως
763 3058 817 3117 καί
838 3053 881 3126 είς
904 3053 1021 3139 ἀπάτην
1044 3059 1095 3118 καί
1116 3056 1233 3139 πλάνην
1252 3057 1306 3117 καί
1320 3057 1448 3139 ψυχικὸν
1471 3050 1532 3118 αύ-

318 3183 377 3237 τάν
399 3169 539 3256 δλεθρυν,
563 3169 598 3234 ού
621 3173 679 3256 μήν
702 3170 782 3236 τίλλὰ
804 3179 859 3236 καί
880 3194 957 3245 τινες
978 3173 1076 3258 ίτεροι
1101 3175 1329 3258 παρεσύρησαν,
1362 3171 1469 3245 οἵτινες
1491 3173 1531 3256 δή

318 3293 372 3354 καί
393 3292 616 3373 παρεσύρησαν,
651 3289 693 3360 είς
727 3291 779 3375 τήν
799 3293 916 3375 πλάνην
939 3293 1050 3376 ταύτην
1075 3297 1129 3355 καί
1150 3293 1203 3378 τήν
1225 3291 1353 3376 ἀπάτην.
1376 3289 1413 3376 ἠν
1436 3288 1532 3377 οδνή

317 3409 442 3490 τοιαύτη
475 3404 603 3488 ἀσέβεια
633 3409 707 3490 πράς
739 3409 845 3490 καιρδν
878 3414 1069 3494 κρυπτομίνη
1091 3414 1145 3472 καί
1171 3411 1380 3485 λανθάνουσα,
1415 3407 1472 3493 δβί
1495 3411 1531 3472 δδ

313 3527 430 3618 ,ταύτης
452 3533 647 3615 καταφανοῦς
669 3530 833 3609 γενομίνης
855 3529 909 3589 καί
931 3523 948 3592 δ
970 3532 1200 3622 ταναγιάτατυς
1220 3529 1306 3614 ήμῶν
1328 3529 1490 3612 δεσπότης,
1512 3524 1531 3591 δ

318 3643 529 3726 οίκυυμενικύς
560 3646 760 3726 πατριάρχης,
784 3642 933 3726 δινίμαθε,Ι
966 3649 1020 3708 καί
1047 3641 1121 3730 δσην
1148 3643 1301 3709 άπάλειαν
1333 3650 1370 3709 τά
1403 3653 1534 3709 τοιαῦτα

318 3773 379 3842 τοῖς
400 3766 579 3847 χριυμίνοις
592 3761 680 3833 εἰδούς
702 3760 891 3844 ἐργάζονται,
914 3759 986 3835 ὅλος
1007 3785 1039 3826 τε
1053 3767 1223 3850 περιαλγής,
1238 3763 1384 3843 δγεγύνει,
1406 3771 1463 3829 καί
1477 3768 1531 3852 τήν

318 3880 418 3962 βυχήν
442 3877 570 3962 ίπλήγη,
593 3883 645 3941 καί
668 3879 816 3965 ραντρούς
838 3881 960 3951 τούτους
986 3884 1133 3957 γενίσθαι
1155 3882 1206 3946 διά
1217 3883 1374 3969 φροντίδος
1397 3888 1481 3948 κατά
1495 3887 1530 3948 τά

318 3997 400 4067 εἰκάς
433 3993 612 4085 ίποιήσατυ,
646 4001 700 4059 καί
721 4007 779 4060 τῶν
801 3989 857 4082 τῆς
877 3997 1045 4082 ίκκλησίας
1071 3997 1225 4084 ἀρχόντων
1251 4001 1321 4083 τούς
1339 4005 1531 4085 ,κρείττονας

318 4115 631 4199 μετακαλεσάμενος,
643 4116 711 4185 τούς
734 4117 888 4186 τοιούτους
910 4111 1006 4198 εύρείν
1021 4118 1072 4180 διά
1087 4122 1189 4202 πάσης
1203 4119 1453 4202 παρεκελεύσατο
1474 4127 1528 4202 της

319 4234 461 4316 σπουδῆς,
484 4233 515 4293 οἳ
535 4235 589 4293 καί
610 4229 673 4315 μετ’
697 4229 872 4317 ίπιμελείας
898 4230 1034 4316 εύράντες
1061 4233 1197 4308 ἅπαντας
1228 4239 1283 4299 καί
1303 4241 1475 4321 γράψαντες
1496 4233 1529 4300 δν

317 4353 506 4432 καταστίχιρ,
529 4347 571 4432 τῷ
590 4353 810 4432 παναγιιοτάτιρ
832 4347 917 4434 ήμῶν
939 4351 1072 4435 δεσπάτη
1095 4356 1236 4438 ρίρονττς
1256 4351 1452 4438 ίνεχείρισαν.
1473 4356 1528 4416 καί

318 4472 424 4553 σκίψτς
457 4465 494 4553 ήν
526 4471 594 4550 περί
616 4469 730 4543 τούτου,
765 4473 791 4530 τί
814 4466 878 4530 ποτ’
902 4465 938 4530 ἂν
960 4465 1008 4541 ’ἐπὶ
1031 4472 1147 4543 τούτοις
1168 4469 1229 4555 ἄρα
1251 4475 1305 4536 καί
1326 4476 1461 4555 γίνηται.
1495 4471 1527 4534 δν
