3258 5282
1272 300 1334 360 405

91 476 288 562 ορθοδόξων
321 479 482 564 δογμάτων
520 477 614 564 αὐτῆς
640 481 709 570 ,καὶ
747 491 799 565 της
839 479 993 563 ἀληθείας
1031 480 1212 561 συνήγορος,
1253 475 1333 541 ἀλλὰ

89 604 148 661 καί
172 604 348 685 πρόμαχος
371 610 424 684 της
446 599 615 684 ἐκκλησίας
637 605 693 689 καί
717 609 776 662 σῦν
802 597 871 661 κατ’
897 598 1055 678 εύσὲβειαν
1081 593 1190 672 ύγειων
1213 598 1333 680 δογμά-

90 737 163 790 των,
192 715 281 782 αύτά
305 723 360 804 μὲν
382 719 550 803 διατρανῦν
571 723 626 780 καί
652 722 819 804 συμφώνως
845 729 907 788 τοῖς
934 715 1034 794 άγίοις
1059 713 1144 800 ἡμῶν
1171 717 1335 793 θεολόγοις

88 840 241 918 πατράσι
266 834 426 922 ὁμολογῶν
448 842 503 899 καί
525 847 641 922 φρονῶν
667 841 722 900 καὶ
747 839 894 900 πιστεύων
922 835 953 896 ὲν
976 833 1085 914 ἅπασι,
1114 837 1165 896 τόν
1191 836 1226 896 δὲ
1248 833 1336 916 Βαρ-

88 954 185 1038 λαάμ
209 961 271 1017 καί
286 955 471 1030 Ἀκίνδυνον,
495 955 535 1026 ὡς
551 960 650 1038 μάτην
665 959 747 1017 κατὰ
762 965 816 1038 της
832 954 1000 1037 ἐκκλησίας
1019 955 1236 1036 λυττησαντας,
1260 952 1336 1015 ἀσε-

90 1075 158 1152 βεῖς
182 1079 246 1136 καί
270 1071 386 1146 ἀθέους
415 1073 579 1137 ἀποκαλῶν
606 1077 660 1138 σύν
689 1086 751 1145 τοῖς
777 1071 876 1140 ,αύτων
903 1073 1184 1156 περιλελειμμένους
1211 1071 1337 1144 ἀπαδοίς
1369 1047 1381 1068 ‘³

89 1197 148 1253 καί
184 1193 357 1277 διαδόχοις
386 1198 441 1256 καί
473 1207 538 1264 ταῖς
571 1193 833 1278 φρικωδεστάταις
870 1192 1119 1272 καθυποβάλλων
1158 1189 1246 1274 ἀραῖς
1282 1191 1338 1253 καί

91 1309 135 1391 τῷ
159 1309 229 1372 ἀπό
259 1312 338 1373 θεοῦ
367 1309 541 1393 ἀναθέματι
562 1316 617 1373 καί
641 1320 700 1390 πῦρ
729 1314 783 1393 μὲν
810 1309 878 1373 κατ’
906 1307 1004 1372 αύτῦν
1032 1314 1110 1392 μετὰ
1136 1318 1189 1370 τοῦ
1215 1314 1336 1392 προσήν-

91 1451 212 1500 κοντος
241 1431 338 1512 ζήλου
359 1433 468 1504 πνέων,
493 1439 551 1491 τῶν
574 1430 607 1490 δὲ
630 1430 793 1510 δογμάτων
816 1439 870 1508 τῆς
896 1427 1067 1513 ἐκκλησίας
1089 1429 1222 1512 Χριστοῦ
1246 1427 1336 1490 ἀντε-

90 1549 239 1628 χόμενος
263 1547 319 1608 καί
340 1559 400 1618 τοις
422 1545 491 1610 κατ’
507 1546 605 1610 αύτιῦν
621 1548 789 1617 συνοδικῶς
804 1551 1039 1628 πεπραγμένοις,
1060 1545 1230 1628 αἱρετικῦιν,
1253 1547 1336 1628 μάλ·

93 1667 151 1729 λον
175 1665 206 1728 δ’
233 1665 341 1729 ἀθέων
365 1665 587 1751 ἀναφανέντων,
616 1677 748 1750 στοιχῶν
771 1665 826 1728 καὶ
848 1665 999 1749 ἐμμένων,
1027 1663 1047 1750 ἡ
1071 1669 1230 1748 μετριότης
1252 1662 1339 1750 ἡμῶν

95 1784 149 1848 σύν
186 1797 231 1868 τῇ
256 1791 325 1868 περί
350 1781 443 1868 αύτην
471 1784 543 1867 ίερομ
567 1795 625 1847 τῶν
654 1783 820 1868 ἀρχιερέων
847 1781 1006 1868 ὁμηγύρτι,
1028 1793 1125 1847 ταῦτα
1146 1785 1262 1854 ἰδόντες
1285 1788 1340 1846 καί

93 1913 204 1985 χαράς
231 1901 359 1985 ἀπείρου
380 1904 583 1985 πλησθέντες,
608 1901 667 1965 ἀπύ
691 1884 753 1987 τῆς·
768 1905 916 1986 δοθείσης
939 1899 1017 1985 αύτῄ
1041 1901 1181 1975 ἐξουσίας
1205 1907 1258 1964 καί
1273 1906 1336 1986 χά-

95 2043 180 2102 ριτος
204 2024 296 2103 παρὰ
318 2029 371 2083 τοῦ
394 2027 545 2097 παναγίοο
567 2026 621 2083 καί
644 2006 794 2092 ζωοπδιοῦ
815 2023 986 2102 πνεύματος
1006 2019 1074 2104 ἔχει
1090 2017 1206 2082 ἐκεῖνον
1223 2041 1337 2096 συγκε-

95 2144 297 2223 χωρημένως
336 2143 391 2201 καί
417 2140 581 2222 λελυμένον
614 2147 667 2200 τοῦ
694 2137 917 2222 ἀπενεχθέντος
944 2137 1051 2214 ἐκείνω
1083 2136 1257 2223 ἀφορισμοῦ
1283 2143 1337 2200 καί

97 2261 350 2341 συντεταγμένον
372 2256 414 2340 τῷ
435 2267 493 2319 τῶν
517 2255 683 2339 ἀρχιερέων
709 2254 808 2338 χορῷ,
835 2262 890 2318 καί
915 2257 1160 2338 παρακελεύεται
1185 2262 1239 2319 καί
1261 2268 1337 2320 πᾶσι

98 2377 153 2438 διὰ
176 2385 236 2438 τοῦ
259 2379 410 2458 παρόντος
434 2370 528 2458 αάτης
551 2377 742 2457 γράμματος,
765 2375 861 2457 ψευδῆ
875 2377 975 2438 πάντα
998 2378 1036 2436 τά
1058 2374 1126 2436 κατ’
1142 2375 1262 2438 ἐκείνου
1276 2378 1336 2440 λα·

98 2495 245 2576 ληθέντα
271 2494 364 2576 ἔχειν,
388 2495 504 2555 ἐκεῖνον
526 2495 561 2555 δέ
585 2492 741 2578 ὁμόφρονα
763 2495 953 2570 λογίζεσθαι.
968 2503 1022 2576 τῆς
1049 2503 1101 2558 τοῦ
1125 2471 1256 2586 Χριστοῦ
1280 2495 1336 2558 ἐκ·

99 2612 239 2695 πλησίας
261 2615 317 2673 καί
340 2614 497 2693 μετὰτῶν
521 2608 623 2692 δρθῦν
646 2611 808 2693 δογμάτων
831 2611 1001 2693 ἱστάμενον,
1024 2619 1078 2674 καί
1101 2615 1142 2694 μα’,
1167 2615 1258 2695 μόνον
1280 2612 1336 2676 ἐ’να

21 2813 24 2822 .
100 2739 158 2792 σῦν
179 2727 363 2812 δρθοδόξων
386 2729 562 2813 ἀρχιερέων,
587 2727 744 2792 ἀλλὰκαὶ
767 2730 904 2813 ζηλωτὴν
923 2734 977 2792 καί
990 2735 1151 2813 πρόμαχον
1167 2737 1220 2792 καί
1235 2753 1335 2814 προα-

102 2849 233 2932 σπιστην
257 2860 316 2911 τῶν
343 2817 397 2931 της
424 2847 594 2931 ἐκκλησίας
620 2849 793 2930 δογμάτων,
820 2852 859 2910 τά
885 2847 920 2910 δὲ
945 2849 1014 2910 κατ
1040 2822 1160 2911 ἐκείνου
1182 2855 1336 2933 γραφέντα

103 2967 215 3046 ψεῦδος
250 2971 351 3030 πάντα
376 2968 560 3042 λογίζεσθαι
586 2965 641 3029 καὶ
667 2971 887 3050 συκοφαντίαν,
924 2969 1032 3052 φθόνῳ
1071 2972 1336 3031 συσκευασθεῖσαν

103 3093 154 3144 τοῦ
176 3095 315 3169 πονηροῦ
338 3086 494 3167 δαίμονος.
519 3085 562 3156 είς
585 3090 643 3166 γὰρ
669 3087 722 3168 την
750 3091 817 3168 περί
844 3088 952 3149 τούτου
981 3085 1154 3170 ἀσφάλειαν
1183 3086 1336 3151 ἀπολέλυ-

105 3223 153 3266 ται
173 3210 231 3268 καί
254 3208 289 3268 τό
310 3209 407 3288 παρὸν
431 3208 558 3288 γράμμα
580 3215 633 3289 της
656 3201 742 3288 ἡμῶν
765 3209 961 3290 μετριότητος
982 3209 1012 3283 †.

649 3406 803 3424 *flam

189 3559 228 3624 11.
245 3565 267 3637 †
282 3557 436 3640 Ἱεράτατε
449 3561 655 3644 μητροπολῐτα
671 3559 764 3644 Σίδης
779 3559 833 3622 καὶ
849 3555 1002 3642 ύπὲρτιμε.
1019 3564 1057 3622 τά
1074 3561 1263 3644 οὶκειῦχειρσί
1279 3584 1337 3624 σου

108 3681 286 3760 γράμματα,
303 3676 379 3760 ἅπερ
396 3677 456 3741 ἀπό
472 3687 526 3761 τῆς
538 3677 661 3768 Κύπρου
678 3675 893 3760 εὑρισκόμενος
911 3677 1081 3759 ἐξέπεμψας
1096 3682 1170 3759 πρός
1188 3681 1239 3742 τόν
1254 3701 1335 3764 χαρ-

110 3799 269 3880 τοφῦλακα
280 3809 334 3881 της
348 3800 430 3859 κατά
443 3819 477 3858 σε
494 3795 667 3880 ἁγιωτάτης
684 3800 899 3880 μητροπόλεως
916 3799 1017 3881 Σίδης,
1034 3800 1283 3882 διεκομίσθησαν
1298 3813 1337 3884 τη

110 3908 190 3994 ἡμῦν
206 3921 392 4000 μετριότητι,
409 3911 537 3995 εύδοκίογ
551 3921 629 3977 θεοῦ
645 3925 698 3977 τοῦ
721 3920 758 3978 τά
777 3921 895 3999 κρυπτὰ
910 3923 1028 4001 φανερά
1044 3923 1098 3980 καί
1114 3920 1195 4000 δῆλα
1209 3929 1334 3983 ποιοῦν·

111 4051 166 4106 τος,
181 4041 236 4098 καί
253 4033 536 4117 ύπανεγνύσθησαν
551 4044 588 4116 τη
604 4031 738 4116 στήμων
754 4039 923 4118 μετριότητι
939 4040 994 4097 καί
1009 4047 1046 4118 τῇ
1066 4035 1135 4116 περὶ
1151 4032 1245 4120 αὐτὴν
1262 4041 1337 4118 θείη

113 4157 160 4212 καί
176 4152 244 4238 ἱερᾷ
265 4156 391 4236 συνόδῳ,
411 4159 466 4217 καί
479 4157 602 4231 γνόντες
617 4157 655 4216 τά
675 4152 955 4237 ἐμπεριειλημμένα
975 4158 1091 4225 τούτοις
1111 4157 1244 4238 δυσσεβη
1261 4160 1336 4238 νοή-

116 4289 190 4344 ματα
212 4278 268 4337 καί
285 4269 491 4357 παραφθορὰν
511 4283 570 4335 τῦιν
591 4265 691 4348 ύγιιῦν
701 4274 862 4355 δογμάτων
882 4285 935 4357 της
956 4277 1135 4355 ἐκκλησίας,
1160 4276 1205 4338 ἔτι
1226 4277 1260 4338 δί
1284 4281 1338 4338 καί

114 4383 254 4466 διαβολάς
271 4394 325 4461 τὰς
340 4393 422 4452 κατὰ
438 4402 495 4452 τῶν
511 4387 697 4471 ἀρθοδόξων,
714 4389 758 4452 ἔτι
775 4391 808 4453 δὲ
831 4396 884 4453 καί
901 4391 937 4460 ἃς
957 4397 1127 4474 προφέρεις,
1143 4397 1336 4475 προτάσσεις,

95 4490 259 4586 νν’]τδηθεν
276 4511 450 4590 δογμάτων,
466 4505 504 4571 δι’
521 4505 561 4570 ἀν
580 4491 808 4584 ἀσυλλογίστως
826 4515 878 4572 καί
896 4508 1028 4591 ἀμαθῶς
1046 4510 1254 4584 ἀποδεικνύεις
1267 4513 1338 4582 τούς
