3256 5272
297 301 361 364 2³4

297 497 357 553 τῶν
386 487 554 574 ἱερωτάτων
570 485 756 574 ἀρχιερίων,
784 487 821 554 ού
849 495 942 576 μόνον
970 490 1014 564 εἰς
1040 493 1242 576 μητροπόλεις
1268 489 1329 556 ἀπὸ
1362 496 1523 576 μητροπό-
1623 463 1624 502 ³

297 611 389 685 λεων,
412 606 494 672 ἀλλά
519 612 574 672 καί
601 608 645 682 είς
671 600 724 672 τάν
750 606 867 694 ύβηλύν
893 617 948 694 της
972 615 1194 694 πατριαρχείας
1219 611 1348 694 θρόνον,
1383 606 1427 684 ὃς
1458 609 1524 674 ἀπό

295 736 355 790 τῶν
388 727 654 811 λκκλησιαυτικῦν
680 728 822 811 πρόξενόν
849 725 915 792 ύστι
942 733 1134 814 καταρανίς·
1162 732 1217 792 καί
1248 727 1389 805 εἰκότως,
1421 730 1524 792 καλὸν

297 849 357 928 γάρ
385 842 498 928 ὁμοίως
526 847 577 908 τόν
605 843 728 927 ἄριστον
758 847 946 932 κυβερνήτην
973 845 1022 910 ίπί
1048 857 1107 911 τόν
1133 846 1249 912 ολόκεεν
1273 851 1442 932 καθῆσθαι
1465 851 1526 912 ποί

297 966 369 1036 τούς
392 965 440 1028 λπί
461 966 589 1036 πολλοῖςΙ
609 961 848 1048 εὐδοκιμοῦντα
869 978 932 1038 τοῖς
952 970 1163 1052 προτερήμασι
1182 978 1240 1032 τῶν
1261 968 1384 1030 πολλῶν
1405 968 1523 1050 προβε-

297 1083 436 1167 βλῆσθαι
459 1081 612 1159 ἀνάλογον
633 1087 894 1166 περιεζωσμένους
916 1085 969 1168 τὴν
990 1081 1165 1168 ἡγεμονίαν.
1194 1087 1269 1168 πρός
1291 1086 1345 1169 την
1368 1081 1460 1168 αύτηι·
1485 1086 1524 1148 δὲ

296 1211 350 1266 νῦν
372 1207 427 1265 καί
450 1198 536 1286 ἡμεῖς
558 1201 748 1287 ὡρμήθημεν
769 1205 892 1286 πρᾶξιν,
919 1203 972 1266 ύιό
1000 1225 1032 1265 τε
1054 1206 1089 1267 τό
1111 1213 1165 1268 τοῦ
1187 1208 1369 1288 πράγματος
1392 1201 1525 1282 εάλογον

297 1326 352 1385 καί
378 1323 642 1407 θεόοκιμασμίνον
668 1333 706 1407 τῇ
733 1320 887 1407 ἀκκλησίιρ
918 1321 973 1386 καὶ
999 1321 1082 1407 ἅμα,
1107 1323 1160 1396 ἵνα
1184 1328 1239 1388 καί
1265 1325 1341 1396 λαός
1367 1323 1525 1410 θεοφιλὴς

297 1437 356 1504 υύκ
379 1439 495 1518 ύλίγυς,
519 1438 536 1505 ύ
558 1451 612 1526 της
635 1438 809 1526 ἁγιωτάτης
831 1442 951 1526 θηλαύη
975 1443 1191 1526 μητροπόλεως
1208 1442 1379 1527 Κορίνθου,
1407 1447 1523 1525 κοιμί-

295 1580 347 1630 νος
369 1554 497 1643 εύμοιρη
519 1567 573 1622 τοῦ
594 1562 819 1643 προσήκοντος,
848 1557 894 1644 ἀρ’
918 1557 1033 1632 ἱκανοῖς
1059 1558 1121 1646 ἤδη
1150 1572 1211 1633 τοῖς
1238 1565 1361 1644 χρόνοις
1388 1558 1421 1626 ἀν
1448 1581 1525 1624 στε-

297 1679 385 1762 ρήσει
416 1679 574 1761 τυγχάνων
607 1675 826 1762 ἀρχιερατικῆς
859 1675 1037 1750 λτιυταυίας
1069 1682 1124 1742 καί
1157 1678 1347 1764 ίπισκίβεως
1378 1683 1435 1744 καί
1466 1687 1526 1742 τοῦ

297 1795 440 1862 λντεῦθεν
468 1795 633 1882 ἀγιασμοῦ,
657 1795 700 1869 ὣς
734 1799 789 1882 τῆς
822 1795 916 1882 αύτης
948 1797 1119 1883 ύκκλησίας
1152 1800 1206 1881 βίη
1231 1810 1269 1884 τη
1295 1809 1354 1864 τῦν
1380 1797 1527 1864 Λατίνιον

296 1921 636 2000 κατατυραννουμίνης,
667 1915 737 1999 περὶ
768 1913 811 1978 ὧν
843 1921 898 1979 καί
931 1911 967 1980 ού
994 1921 1090 1999 μικριί
1127 1936 1185 1992 τις,
1219 1911 1292 1986 υύθί
1323 1913 1346 2001 ’ἡ
1378 1923 1524 1999 τυχοῦσα

297 2039 419 2118 ρροντίς
450 2032 489 2119 ἠν
521 2045 559 2119 ιη
590 2030 677 2118 ἡμῶν
714 2039 896 2118 μετριότητι,
931 2036 1084 2106 πολλάκις
1116 2040 1172 2098 καί
1208 2037 1364 2122 θιαρόρως
1403 2034 1528 2100 ίκεσίαν

295 2153 371 2234 πρός
400 2147 494 2236 αύτήν
521 2151 675 2238 όγγραρον
700 2157 768 2236 περί
790 2155 898 2216 τούτου
924 2157 1149 2237 ποιησαμῖνων.
1178 2153 1269 2218 όνθεν
1297 2175 1343 2216 τοι
1369 2157 1425 2217 καί
1450 2173 1525 2216 κοι-

296 2279 335 2354 νῇ
361 2269 525 2354 ῦιασκίψει
550 2275 606 2334 καί
633 2275 738 2356 γνῦμη
766 2279 820 2355 τῆς
846 2274 916 2353 περί
942 2267 1036 2356 αύιην
1063 2269 1242 2356 όμηγύρεως
1269 2281 1328 2334 τῶν
1350 2269 1526 2354 ίερατάτεεν

298 2385 465 2472 ἀρχιερόων
487 2434 1526 2458 ..........................................

296 2508 509 2590 κατεπράξατο
532 2509 741 2592 μετατεθῆναι
768 2505 813 2578 είς
840 2507 894 2590 τήν
921 2509 1064 2592 τοιαύτην
1090 2505 1265 2594 ἀγιωτύτην
1286 2519 1341 2594 τῆς
1363 2509 1525 2593 Κορίνθου

297 2626 482 2709 μητρόπολιν
514 2627 564 2689 τόν
596 2625 758 2710 ἱερώτατον
789 2625 1030 2710 ἀρχιεπίυκοπον
1057 2627 1126 2704 Rs,
1160 2625 1319 2712 ἀγαπητόν
1346 2632 1430 2691 κατὰ
1462 2630 1524 2691 κύ-
1625 2667 1626 2672 1

298 2763 363 2825 ριον
386 2742 519 2830 ἀύιλρῦν
540 2741 626 2829 ἡμῶν
655 2750 709 2808 καί
736 2747 983 2829 συλλειτουργόν,
1012 2747 1210 2830 σχολάζοντα
1231 2746 1292 2832 ἤδη
1319 2755 1374 2831 της
1400 2747 1524 2831 λαχού·

298 2883 356 2947 σητ
379 2861 480 2940 αύτόν,
505 2861 559 2928 ἅτε
583 2864 623 2948 δὴ
645 2869 700 2928 καί
722 2863 818 2949 αύτῆς
839 2867 921 2926 κατὰ
944 2867 995 2928 τόν
1018 2861 1126 2946 ύμυιον
1148 2869 1258 2948 τρόπον
1280 2869 1538 2948 τυραννουμίνης,

298 2979 356 3044 ύπό
378 2980 531 3058 Λατίνων,
559 2982 594 3055 ύς
615 2983 655 3067 θη
677 2986 732 3046 καί
754 2980 872 3068 ύρείλει
895 2983 1081 3066 μεταλαχεῖν
1107 2985 1162 3045 καί
1189 2992 1242 3045 τοῦ
1269 2985 1384 3065 θρόνου
1407 2983 1525 3066 ταύτης

296 3105 351 3164 καί
384 3111 438 3163 τοῦ
471 3099 623 3185 όνύματος
654 3105 710 3164 καί
735 3111 789 3186 τῆς
821 3099 997 3186 ἀνηκούσης
1027 3110 1090 3172 τοῖς
1117 3109 1172 3185 της
1204 3099 1375 3184 όκκληυίας
1407 3099 1524 3185 ταύτης

298 3217 474 3303 ἀρχιερεῦσι
493 3229 582 3302 τιμῆς
602 3219 635 3283 όν
653 3241 686 3282 τε
705 3225 833 3284 υτόσεσι
854 3225 909 3283 καί
923 3220 1098 3302 καθίόραις
1113 3217 1145 3282 ἀν
1164 3231 1230 3290 ταῖς
1244 3229 1362 3291 κοιναῖς
1376 3220 1525 3284 συνελεό·

297 3359 373 3412 σεσι,
394 3336 599 3418 ἐπιλαβέσθαι
619 3360 651 3400 τε
671 3339 726 3401 καί
739 3342 858 3404 πάντων
874 3349 932 3402 τῶν
946 3335 995 3411 ,ὑπ’
1012 3335 1107 3423 αύτήν
1126 3341 1291 3422 κτημάτων
1306 3343 1360 3400 καί
1374 3341 1524 3422 πραγμύ-

296 3475 364 3533 των,
380 3461 434 3519 καί
455 3453 559 3527 ἀιιλῦς
574 3456 674 3534 εἰπεῖν,
690 3467 748 3520 τῶν
763 3455 953 3540 ύθενῦὴτοτε
970 3458 1172 3541 διαφερόντων
1193 3465 1230 3539 τῇ
1251 3453 1406 3538 λκκλησία
1425 3459 1524 3540 ταύτη

298 3577 435 3650 δικαίων,
450 3571 648 3651 ἀναγνώστας
660 3597 692 3637 τε
707 3579 885 3660 σρραγίζειν
898 3574 934 3636 όκ
950 3584 1008 3637 τῶν
1025 3573 1055 3637 ἐν
1069 3571 1147 3658 αύτη
1163 3577 1217 3636 καί
1229 3569 1450 3646 ύποῦιακόνους
1466 3579 1525 3638 καί

296 3695 458 3764 διακόνους
470 3697 524 3756 καί
534 3695 754 3776 πρεσβυτίρυυς
766 3703 952 3777 χειροτονεῖν
964 3697 1018 3755 καί
1029 3696 1129 3756 πάντα
1145 3687 1249 3762 ἀπλιῦς
1264 3691 1522 3774 διαπράττεσθαι,

299 3809 359 3874 ὅσα
374 3822 436 3882 τοῖς
458 3817 595 3896 γνησίους
617 3811 811 3896 ἀρχιερεῦσιν
834 3810 865 3875 ἐν
888 3823 953 3883 ταῖς
975 3813 1147 3897 λαχούυαις
1162 3805 1272 3881 αύτούς
1287 3807 1402 3894 ἐφεῖται
1415 3822 1524 3888 ποιεῖν,

180 3953 183 3961 ·
218 4021 219 4025 ¹
300 3933 437 4019 μετέχων
459 3929 514 3994 καὶ
535 3940 589 4015 της
611 3939 664 3994 τοῦ
687 3931 770 4015 ίερυῦ
793 3935 962 4014 σονθρύνυυ
985 3929 1246 4014 λγκαθιόρύσεως,
1263 3925 1446 4015 θρετλόντιεν
1467 3934 1525 3994 καί

300 4059 357 4112 τοῖν
381 4047 475 4133 αὐτῆς
496 4050 651 4134 κληρικῦν
673 4053 727 4112 καί
748 4061 808 4114 τῶν
830 4050 932 4114 ἀλλων
955 4048 1105 4128 ἀπόντων,
1122 4048 1300 4132 ίερωμίνων,
1318 4059 1465 4136 μοναχεῖν
1487 4071 1521 4112 τε

299 4165 354 4230 καὶ
379 4167 494 4230 λαῖκιῖν
519 4171 691 4232 πείθεσθαι
720 4171 817 4252 τούτῳ
847 4167 903 4234 καὶ
923 4173 1121 4253 πειθαρχεῖν,
1151 4164 1212 4231 όυα
1238 4165 1295 4231 καῖ
1319 4167 1425 4250 elne„
1451 4187 1524 4232 κοι-

301 4291 368 4370 μίνι
391 4289 446 4348 καί
474 4291 564 4369 πατρί
594 4290 649 4350 καί
679 4287 861 4370 διδασκάλῳ
890 4289 1084 4372 πνευματικῲ
1118 4289 1173 4349 καί
1206 4292 1317 4371 μισίτη
1348 4285 1404 4350 καὶ
1430 4287 1522 4350 διαλ-

299 4406 401 4489 λακτῇ
423 4407 461 4468 τὰ
482 4406 557 4486 πρός
578 4407 630 4468 τόν
651 4409 729 4470 θεόν
754 4409 809 4469 καί
833 4407 988 4491 θίχεσθαι
1012 4407 1180 4490 προθύμως
1200 4409 1256 4468 καὶ
1284 4404 1414 4487 ότυίμως
1443 4405 1521 4469 ἀπυ-

298 4523 433 4608 πληροῦν
464 4521 574 4602 πάνθ,
608 4520 667 4588 ὅσα
701 4525 807 4606 μύλλοι
837 4526 938 4603 λόγοιν
969 4531 1025 4589 καί
1053 4535 1209 4608 παραινεῖν
1242 4530 1297 4588 καί
1326 4524 1524 4609 εἰσηγεῖσθαι
