3282 5270
1256 286 1318 350 495

103 475 250 555 μενείοις,
287 470 540 554 ουνεύριαζύντιον
573 464 654 553 αὐτῷ
688 471 742 532 καὶ
773 479 831 533 τῶν
863 467 1030 554 ίτρωτάτων
1064 466 1229 554 ἀρχιερίων
1264 475 1319 535 καὶ

104 584 284 673 ἀπτρτίμων,
307 599 361 654 τού
382 587 582 671 Καισαρείας,
604 597 657 652 τού
679 585 819 675 Ἒρίοου,
841 597 895 652 τού
909 587 1054 664 Κυζίκου,
1076 596 1129 651 τοῦ
1149 588 1319 673 Χαλκηδο-

103 728 165 784 νος,
187 717 241 772 τού
263 709 414 792 Βρύστως,
437 716 489 772 τοῦ
510 707 632 792 Βιίύης,
655 705 742 780 ὄντος
763 708 814 788 διὰ
836 710 958 790 γνώμης
980 710 1034 770 καί
1056 715 1109 770 τού
1123 704 1226 783 Αἴνου,
1242 705 1317 770 ίλα-

103 827 191 911 λήθη
213 832 281 910 περί
299 835 352 890 τού
367 826 675 908 Χριστιανοοπύλεως,
698 821 745 887 ύτι
766 847 797 887 ττ
820 827 871 888 τύν
894 826 1030 907 μοναχὸν
1044 821 1171 888 Ἡσαΐαν
1192 827 1243 886 τάν
1259 822 1320 888 ἀπὸ
1366 837 1369 842 “

103 952 158 1027 τῆς
181 953 277 1027 μονης
299 951 352 1007 τού
374 948 475 1027 τιμίοο
489 943 669 1026 Προάρύμου
692 943 857 1014 συνοδικῶς
872 940 1086 1026 ίπισχεθίντα,
1110 943 1151 1024 μη
1166 943 1308 1024 προβιβα·

53 1134 56 1138 ,
104 1064 221 1145 σθηναι
242 1061 286 1134 τίς
309 1061 472 1146 ἱερωσύνην
494 1063 545 1126 διά
566 1065 601 1126 τὸ
623 1062 731 1125 ίούναι
750 1065 805 1124 καί
827 1057 917 1124 αύτύν
939 1059 980 1143 τῷ
1001 1063 1090 1144 ηύητι
1112 1057 1254 1143 ίνίχυρον
1271 1057 1320 1124 ίπί

105 1181 140 1242 τὸ
174 1175 270 1261 τύρτῑν
303 1183 342 1242 τά
364 1176 525 1263 ύπερσύρα,
559 1177 635 1263 ἀπιρ
662 1177 818 1242 ἀπώλοσεν
843 1177 860 1242 ύ
883 1181 1020 1262 μοναχύς
1041 1175 1184 1260 Ἱλαρίων,
1217 1179 1319 1258 λαβὼν

107 1295 225 1360 ίαεῑνον
259 1297 394 1382 ἀπάτης
416 1301 558 1384 τοιαύτης
581 1309 685 1382 μονῆς,
707 1302 761 1362 καί
782 1305 878 1362 ταῦτα
900 1299 952 1382 την
976 1292 1122 1361 ύπύθτσιν
1144 1295 1232 1368 είδιίις
1264 1300 1319 1360 καί

104 1415 306 1500 θιαμηνυθείς
325 1422 410 1498 παρὰ
431 1425 484 1480 τού
504 1419 735 1494 παναηιοιτάτοο
749 1412 834 1500 ἡμῶν
857 1417 1015 1491 δεσπότου,
1038 1424 1090 1478 τού
1106 1415 1320 1498 οίκουμτνικού

105 1537 306 1617 πατριάρχου,
328 1537 380 1598 θεά
402 1557 434 1599 τε
456 1543 514 1598 τῶν
529 1533 698 1617 ίιρωτοίτων
714 1531 888 1618 ἀρχιερίων,
908 1541 961 1596 τού
983 1555 1016 1596 ττ
1038 1532 1168 1618 Ἐφίσοο
1189 1537 1243 1598 καί
1265 1541 1318 1598 τοῦ

104 1649 394 1735 Ἀδριανουπύλεως,
429 1655 470 1736 μὴ
504 1652 606 1734 λαβείν
630 1648 731 1728 αὐτὸν,
765 1649 838 1716 ὁδί
860 1652 962 1733 λαβὼν
984 1649 1105 1723 καὶντίς
1130 1651 1183 1735 την
1206 1649 1316 1716 ἑαυτοῦ

105 1771 275 1856 λκκληοίαν
308 1769 453 1835 άπελθύν
476 1769 689 1854 λχτιροτύνησι
721 1778 827 1834 τούτον
858 1772 1011 1846 ύιοίκονον,
1044 1775 1099 1833 καί
1131 1767 1178 1834 ὅτι
1208 1774 1317 1834 τούτου

105 1895 269 1972 γινομένου
290 1892 344 1952 καί
365 1895 417 1952 τού
440 1883 589 1972 ρηθίντος
610 1886 735 1952 Ἡσαΐου
757 1887 904 1959 ίλθύντος
929 1885 1065 1955 λνταύθα
1087 1891 1140 1950 καί
1161 1889 1315 1970 καθαιρο-

105 2009 215 2076 θίντος
237 2009 327 2091 ψήφῳ
349 2006 508 2090 σονοθικη,
536 2006 715 2090 ίπισχεθνίς
735 2009 790 2068 καί
811 2003 828 2067 ὁ
849 2004 1149 2088 Χριστιανοοπύλτως
1170 2003 1225 2068 καί
1246 2007 1317 2068 δια-

106 2128 265 2208 μηνοθτίς,
288 2123 391 2188 ίλθτῖν
414 2123 550 2188 ἐνταῦθα
572 2123 843 2210 ἀπολογησάμενος
866 2123 1042 2199 σονοδικύς,
1058 2120 1129 2186 ύτοο
1150 2127 1240 2207 χάριν
1261 2144 1317 2188 πε-

103 2248 215 2326 ποίηκε
238 2250 342 2318 ταῦτα,
365 2241 391 2306 ὁ.
404 2243 439 2320 θλ
461 2237 527 2306 οὐκ·
540 2240 631 2326 ἠλθι,
656 2241 904 2326 προβαλλόμενος
927 2240 1046 2304 ίνάιιαν
1067 2243 1122 2304 καί
1147 2243 1182 2304 τύ
1198 2241 1239 2326 μή
1261 2241 1318 2304 δύ-

104 2361 222 2424 νασθαι
243 2358 280 2424 δι’
296 2357 389 2443 αύιην
405 2357 541 2424 ίνταύθα
556 2361 797 2444 παραητνίσθαι,
818 2363 874 2422 καί
896 2357 924 2422 εί
943 2359 991 2422 ἀεί
1005 2361 1245 2443 συγχωρηθῆναι
1259 2354 1318 2422 αύ-

106 2479 158 2540 εύν
191 2475 320 2559 ίνιρηεῑν
341 2481 380 2540 τά
401 2486 455 2562 τῆς
477 2475 713 2561 ἀρχιερωσύνης,
746 2480 853 2560 μίχρις
874 2473 911 2541 ἀν
934 2473 1069 2539 ίνταύθα
1100 2480 1318 2562 παραχίνηται·

105 2598 184 2679 πρὸς
205 2603 300 2658 ταῦτα
322 2591 513 2681 ἀποφήναντα
536 2594 565 2659 οἱ
580 2594 737 2679 ίτρύτατοι
750 2592 912 2679 ἀρχιερεῖς,
934 2592 1210 2676 ίπιβεβαιάισαντος
1223 2602 1320 2658 ταῦτα

107 2711 234 2796 ὕστερον
255 2717 309 2776 καί
330 2721 384 2778 τού
406 2715 637 2791 παναηιωτάτοο
659 2711 745 2798 ἡμῶν
766 2713 925 2790 δεσπότου,
947 2721 1000 2776 τού
1023 2711 1235 2796 ολκυομτνικού
1257 2733 1320 2776 πα·

106 2833 267 2914 τριάρχοο,
289 2827 336 2894 ύτι
357 2835 396 2895 τά
417 2835 473 2914 μίν
494 2829 676 2916 ίηκληματα
697 2838 793 2894 ταῦτα
812 2823 1009 2914 καθαίρεσιν
1021 2827 1142 2893 ἀπαιτοῖ
1167 2838 1221 2894 τού
1243 2829 1321 2913 Χρι-

110 2949 360 3026 στιανοοτύλτως,
376 2957 501 3014 τοιαῦτα
514 2953 726 3035 πεποιηκότος·
742 2951 794 3014 διὰ
808 2949 843 3012 θλ
859 2950 1087 3030 συηκατάβασιν
1106 2953 1161 3012 καί
1176 2947 1222 3012 ὅτι
1237 2947 1321 3012 ἀπιύν

110 3066 211 3139 οὐδεὶς
231 3069 483 3143 καταδικάζεται
517 3067 595 3132 ίοτω
618 3073 892 3152 σοχκεχωρημίνος
913 3068 1074 3150 διτνερτείν
1098 3065 1261 3140 ἀκωλύτως
1283 3071 1332 3132 τὰ.

111 3195 165 3271 της
199 3184 442 3269 ἀρχιερωσύνης,
473 3183 532 3257 λος
566 3182 602 3248 ἀν
625 3183 761 3248 λνταύθα
790 3189 1008 3268 παραγένηται.
1046 3182 1168 3268 ίτάχθη
1201 3184 1235 3247 θλ
1268 3188 1323 3246 καί
1368 3189 1371 3194 ’

112 3313 213 3380 τούτο,
236 3299 292 3378 ὅτι,
315 3302 342 3366 τί
363 3307 418 3386 μίν
440 3300 523 3374 ἀντός
545 3311 598 3365 τοῦ
620 3301 820 3386 ίλευσομίνου
842 3299 932 3385 μαίοο
955 3303 1050 3385 μηνάς
1073 3301 1173 3376 ίλθοι,
1195 3305 1322 3379 ηεηονύ-

113 3443 172 3485 τεεν
205 3423 280 3503 πρὸς
303 3419 427 3484 ίκείνον
445 3430 531 3504 τριῶν
559 3423 755 3504 μηνυμάτων,
788 3424 905 3503 πρύτοο
928 3423 982 3501 μὲν
1005 3417 1065 3482 ἀπὸ
1097 3428 1156 3480 τῶν
1188 3418 1326 3482 ἐνταῦθα

114 3542 167 3604 διὰ
189 3541 290 3622 τιμίας
323 3548 441 3624 χραρῆς
462 3547 515 3602 τού
536 3541 767 3618 παναχιωτάτοο
788 3539 936 3602 δοσπύτοο
957 3539 1054 3622 ἡμῶν,
1077 3544 1129 3599 τού
1152 3536 1325 3619 οίκουμανι-

114 3665 173 3720 κού
204 3659 410 3740 πατριάρχου,
443 3657 584 3739 ύευτίροο
606 3657 641 3718 δὲ
663 3660 717 3720 καί
738 3662 839 3738 τρίτου
861 3656 913 3718 διὰ
938 3665 996 3718 τῶν
1018 3653 1185 3738 ἀκροτάτων
1218 3651 1326 3737 ἀρχιε-

117 3781 202 3858 ρίων,
225 3783 277 3838 τού
292 3796 324 3837 τε
338 3772 557 3856 Μονιμβασίας
571 3779 626 3838 καί
639 3785 693 3838 τού
707 3775 966 3858 Λακεδαιμονίας,
982 3769 1202 3856 εύρισκομίνων
1218 3771 1326 3846 ἀκτῖσι,

118 3895 187 3955 τύτε
223 3890 451 3976 ἀπολογήσεται
484 3893 659 3968 σονοίικύς,
692 3897 746 3958 καί
779 3895 941 3977 γενήσεται
962 3893 997 3954 τύ
1019 3901 1057 3975 τη
1079 3892 1153 3972 θείη
1173 3895 1227 3952 καί
1260 3888 1328 3972 ἱεροί

121 4011 238 4092 σονύύιρ
260 4011 350 4084 δόξαν
372 4021 550 4082 κανονικως·
574 4010 601 4074 τί
615 4011 650 4074 δύ
664 4021 722 4074 τοῖιν
738 4013 918 4094 μηνυμάτων
941 4011 1119 4086 ηεγονύτων,
1142 4006 1183 4080 ὣς
1205 4008 1329 4091 είρηται,

121 4135 175 4193 καί
197 4137 251 4213 της
272 4133 466 4216 τεταημίνης1
479 4131 602 4211 ύιωρίας
626 4131 840 4214 παριλθούσης
868 4124 925 4191 οὐκ
959 4127 1063 4204 ἔλθοι,
1096 4131 1164 4190 τύττ
1195 4124 1247 4188 ἵνα
1278 4129 1331 4187 καί

124 4251 208 4315 ἀπών
240 4241 439 4333 καθαιρηται.
472 4249 524 4312 διὰ
547 4257 643 4312 ταύτα
669 4249 850 4332 ίνίγραπται
872 4255 968 4310 ταῦτα
989 4249 1031 4332 τῷ
1050 4252 1175 4333 παρόντι
1196 4247 1330 4326 κωάικίιρ

124 4371 319 4452 σημειώστως
342 4369 440 4450 χάριν,
465 4366 567 4451 μηνὶ
599 4367 821 4451 νοτμβρίιρ
853 4366 930 4430 tva.
964 4365 998 4438 ς’.
1286 4355 1290 4361 ’
