3258 5278
253 306 295 368 8⁴

252 489 366 558 λινθιίς
388 485 550 568 ἱερώτατος
574 487 798 570 μητροπολίτης
813 484 985 569 Μελιτηνῆς
1006 491 1061 548 καί
1084 481 1245 566 ύτίρτιμος
1266 493 1325 546 τῶν
1347 483 1379 545 ἐν
1401 494 1469 553 ταῖς

251 609 407 678 τοιαύταις
434 603 595 686 ἐπαρχίαις
625 613 853 687 πατριαρχικῶν
880 605 1007 666 δικαίαν
1037 613 1206 673 κανονικιῖς
1238 601 1384 686 ἐπιτηρῶν
1413 608 1471 664 καί

252 723 413 805 διτνεργῶν
436 731 532 785 ταῦτα
554 720 685 806 ἐξάρχου
712 726 823 803 τρόπον
849 725 903 784 καί
930 723 1041 802 δικαίῳ
1068 731 1122 804 τῆς
1148 717 1235 803 ἡμῶν
1261 724 1470 803 μιτριύτητος,

219 844 220 848 ’
253 846 416 926 φροντίζων
437 845 672 924 προηγουμίνως
691 844 755 922 μὲν,
772 841 812 922 μη
836 837 1027 921 ἐνεργεῖσθαί
1048 859 1077 900 τι
1099 838 1156 912 ἔξω
1178 847 1233 922 της
1255 847 1471 920 χριστιανικης

251 962 485 1033 καταστάσεως,
519 956 599 1020 ἁλλὰ
630 961 730 1020 πάντα
756 961 837 1020 κατὰ
862 957 932 1028 τούς
959 955 1222 1041 ἐπικρατήσαντος
1249 957 1386 1039 θεσμούς
1415 959 1471 1017 καί

252 1081 307 1148 τὰς
330 1074 500 1160 ἐγγράφους
523 1076 723 1146 διατοπώσεις
744 1076 926 1157 προβαίνειν,
954 1076 1061 1138 ίπιιτα
1088 1077 1140 1137 τύν
1165 1083 1394 1156 πατριαρχικώς
1416 1081 1471 1156 της

252 1192 423 1276 ἁγιωτάτης
449 1203 503 1256 τού
529 1197 608 1256 θτού
636 1194 804 1277 ἐκκλησίας
830 1197 1051 1275 προϊστάμενον
1082 1191 1113 1254 ἐν
1140 1204 1205 1262 ταῖς
1230 1201 1471 1275 πατριαρχικαῖς

252 1325 358 1394 μοναῖς
379 1315 432 1374 καί
454 1323 514 1382 τοῖς
537 1313 652 1382 λοιποῖς
686 1309 802 1394 ὁμοίοις
831 1323 914 1382 ναοῖς
946 1309 1092 1395 ὀνομαστί
1120 1309 1331 1395 ἁναρίρτσθαί
1357 1331 1389 1372 τι
1415 1313 1471 1370 καί

253 1431 502 1512 μνημονεύεσθαι
523 1435 578 1491 καί
601 1435 655 1500 τὰς
676 1432 943 1513 παρεμπιπτούσας
964 1431 999 1492 δί
1015 1429 1276 1512 ἐκκλησιαστικάς
1298 1432 1354 1491 καί
1373 1448 1469 1490 πνευ-

254 1551 385 1628 ματικὰς
408 1542 572 1616 ύποθέσεις
595 1546 626 1609 ἐν
648 1561 710 1618 τοῖς
732 1551 880 1618 τοιούτοις
903 1552 1118 1630 μοναστηρίοις
1139 1551 1193 1609 καί
1215 1558 1278 1617 τοῖς
1300 1555 1384 1616 ναοῖς
1397 1541 1469 1626 παρ’

252 1661 346 1726 αύτού
369 1667 476 1727 τούτου
499 1663 700 1736 ἐξετάζεσθαί
722 1687 754 1728 τε
776 1671 830 1728 καί
853 1667 1071 1748 διορθοῦσθαι,
1085 1667 1215 1748 μηδενὸς
1237 1675 1295 1726 τῶν
1318 1662 1468 1734 ἁπάντων,

160 1859 162 1864 Ι
251 1780 430 1865 ίιριιμένων,
453 1786 538 1866 φημί,
562 1788 755 1864 μοναίώντων
774 1788 828 1846 καί
849 1794 907 1845 τῶν
929 1785 1041 1846 λοιπῶν
1064 1777 1288 1866 χριστωνύμων,
1312 1779 1380 1844 ἁλλ’
1403 1777 1469 1842 οὐδ’

251 1896 350 1962 αύτιῖν
371 1909 429 1962 τῶν
451 1897 484 1962 ἐν
505 1909 571 1970 ταῖς
592 1899 765 1983 ιίρημίναις
781 1899 965 1977 ἁγιωτάταις
981 1900 1163 1984 ἐκκλησίαις
1179 1899 1468 1984 ἁρχιτραττυόντων,

252 2015 284 2079 ἐν
307 2016 385 2100 ἁγίιρ
405 2019 551 2100 πνεύματι
573 2017 738 2101 ἀγαπητῶν
761 2018 901 2104 ἀδελφῶν
924 2028 978 2102 τῆς
999 2016 1085 2103 ἡμῶν
1109 2023 1304 2102 μιτριύτητος
1318 2021 1373 2079 καί
1393 2016 1470 2078 συλ-

252 2134 450 2218 λτιτουργῶν,
483 2135 527 2199 ἐπ’
557 2135 665 2208 ἁδείας
690 2135 815 2210 ἐξύντων
841 2139 1068 2220 παριμποδίσαι
1097 2136 1117 2221 ἢ
1149 2138 1352 2220 ,διτνοχλησαι
1377 2130 1471 2196 αύτδν

252 2257 336 2315 κατά
357 2275 385 2316 τι
411 2253 458 2316 ἐπί
485 2265 523 2336 τη
551 2255 722 2336 διενιργεία
748 2259 801 2317 καί
829 2255 1004 2339 ἐτιτηρησιι
1030 2264 1089 2317 τῶν
1115 2253 1215 2318 ἐκεῖσε
1242 2263 1472 2336 πατριαρχικῶν

253 2371 389 2446 δικαίων,
412 2369 453 2441 ύις
475 2371 601 2453 εἴρηται,
625 2369 706 2434 ἀλλὰ
731 2377 880 2454 παντοίως
908 2373 1025 2454 μάλλον
1052 2368 1134 2456 αύτῷ
1162 2382 1315 2453 συνεργεῖν
1342 2372 1396 2432 καί
1417 2369 1473 2451 την

255 2486 494 2572 ἁνάτιθιιμίνην
517 2490 627 2572 ταύτην
650 2489 809 2552 διακονίαν
833 2487 914 2572 αύτῷ
933 2503 1028 2553 ποιεῖν
1044 2486 1287 2572 τύκατύρθωπον.
1312 2485 1339 2550 τί
1359 2484 1386 2550 δ’
1399 2484 1476 2556 ἴσοις

257 2609 393 2690 συμβαίη
418 2613 474 2669 καί
500 2629 567 2669 τινα
589 2608 810 2669 τῶντοιούτων
834 2605 1000 2690 ἀρχιερέων
1022 2610 1096 2691 πρὸς
1122 2609 1198 2670 θιύν
1227 2615 1413 2690 μεταστῆναι
1436 2607 1473 2666 τύ

243 2727 355 2806 χρεών
377 2724 650 2806 λειτουργήσαντα,
674 2727 780 2805 γνώμη
803 2724 899 2806 κοινη·
921 2729 975 2786 καί
997 2727 1214 2808 συνδιασκέψει
1229 2735 1286 2786 τῶν
1302 2719 1475 2785 ὑπολοίπων

255 2843 476 2923 πλησιοχώρων
503 2838 670 2923 ἁρχιιρὲων
701 2837 818 2924 ἐρείλει
845 2839 1031 2917 ἐκλέγεσθαι
1063 2839 1223 2923 ἄνθρωπος
1253 2839 1312 2904 ἁτύ
1339 2851 1392 2902 τοῦ
1419 2849 1474 2922 της

256 2955 324 3022 κατ’
348 2955 464 3019 ἐκεῖνον
486 2954 657 3039 ἐκκλησίας
678 2959 794 3042 κλήρου
817 2957 833 3020 ὁ
856 2955 1079 3040 ἁρμοδιώτερος
1101 2961 1142 3040 τη
1172 2958 1333 3041 οἰκονομία
1360 2979 1392 3019 τε
1416 2961 1471 3020 καί

255 3077 425 3158 διεξαγωγη
452 3083 510 3135 τῶν
537 3083 590 3158 της
617 3077 759 3159 τοιαύτης
786 3075 956 3160 ἐκκλησίας
982 3077 1110 3140 δικαίων
1136 3082 1190 3140 καί
1218 3075 1473 3154 ἐγκαθίστασθαι

257 3193 300 3263 τίς
321 3194 356 3254 τύ
379 3199 474 3254 ταῦτα
497 3193 666 3274 διεντργεῖν,
691 3191 749 3254 εἶθ’
765 3191 861 3265 ούτως
883 3194 998 3278 ἐκλογη
1022 3197 1165 3272 γίνεσθαι
1188 3193 1351 3277 ἀνθρώπου
1367 3193 1474 3277 ἓτέρου

254 3310 360 3373 ἱκανοῦ
390 3313 444 3371 καί
472 3307 557 3381 ἁίίοο
584 3309 627 3379 τίς
656 3313 689 3371 τύ
716 3321 770 3394 της
797 3309 1024 3395 ἀρχιερωσύνης
1054 3311 1188 3395 ἀξίωμα,
1221 3315 1316 3395 μηδὲν
1344 3312 1472 3395 ἔχοντος

254 3429 424 3508 ἐναντίωμα
446 3432 500 3488 καί
521 3427 649 3508 κώλυμα
671 3431 745 3509 πρὸς
768 3439 866 3503 τούτο,
889 3435 943 3492 καί
966 3428 1218 3493 ἁποστέλλεσθάι
1241 3429 1377 3492 ἐνταῦθα
1393 3434 1473 3513 μετὰ

255 3550 432 3626 γράμματος
455 3550 509 3607 καί
531 3550 695 3626 μαρτυρίας
718 3555 770 3606 τού
792 3548 929 3607 τοιούτου
952 3546 1113 3627 ἱερωτάτου
1137 3549 1358 3630 μητροπολίτου
1373 3547 1472 3609 Μελι-

230 3673 346 3758 ,τηνης
368 3668 423 3725 καί
445 3673 502 3724 τῶν
524 3663 814 3745 πλησιοχώρούντων
838 3661 1006 3743 ἱερωτάτων
1029 3663 1210 3748 ἀρχιερίων,
1238 3661 1317 3727 ὥστε
1341 3663 1472 3748 ἐμφανί-

255 3783 366 3850 ζεσθαι
388 3789 426 3862 τῇ
449 3782 522 3858 θείη
544 3783 597 3840 καί
625 3779 694 3862 ἱτρη
720 3780 837 3860 συνύδιρ
864 3783 918 3840 καί
946 3777 1224 3843 ἀποκαθίστασθαι
1254 3780 1297 3852 είς
1326 3781 1473 3864 ἁρχιτρία

255 3908 308 3982 της
330 3895 499 3979 ἐκκλησίας
522 3906 574 3979 τῆς
598 3900 801 3980 στερηθείσης
826 3905 878 3958 τού
903 3897 982 3960 ἰδίου
1004 3904 1155 3981 ποιμένυς.
1185 3898 1229 3960 ἐτι
1252 3901 1286 3961 δὲ
1310 3898 1470 3982 ἐκχωροῦ-

257 4037 312 4097 μεν
334 4013 415 4096 αὐτῷ
436 4015 474 4096 δη
498 4013 538 4095 ug}
559 4013 711 4095 ἱερωτάτη
736 4015 941 4097 μητροπολίτη
963 4015 1134 4098 Μελιτηνης
1157 4019 1210 4077 καί
1238 4018 1291 4098 την
1313 4021 1395 4079 κατά
1417 4021 1472 4101 την

255 4131 372 4214 ίνορίαν
398 4141 453 4213 της
479 4131 638 4212 λαχούσης
667 4125 758 4192 αύτύν
786 4129 957 4214 ἁγιωτάτης
984 4131 1153 4216 ἐκκλησίας
1186 4133 1384 4217 διακειμίνην
1416 4157 1471 4198 σε·

257 4251 390 4330 βασμίαν
412 4249 634 4329 πατριαρχικήν
648 4249 759 4330 μονὴν,
783 4250 836 4330 την
861 4246 1100 4332 ἒπικεκλημένην
1124 4259 1177 4311 τού
1201 4249 1332 4333 Συριχά,
1355 4251 1472 4338 ἐφορῶν

258 4370 311 4428 καί
333 4364 501 4448 ἐξαρχικῶς
525 4363 778 4439 ἐπισκέπτεσθαι,
805 4368 915 4433 καθώς
943 4371 996 4426 καί
1023 4371 1060 4428 τὰ
1088 4367 1170 4429 ἄλλα
1191 4375 1400 4454 πατριαρχικὰ
1421 4373 1472 4433 δί-

254 4507 339 4549 καια.
370 4483 416 4545 ἐπὶ
443 4485 537 4562 τούτῳ
565 4487 624 4562 γὰρ
650 4486 701 4542 καί
735 4486 768 4543 τύ
799 4485 895 4563 ,παρὸν
923 4485 1049 4564 γράμμα
1077 4486 1132 4567 της
1158 4479 1243 4566 ἡμῶν
1270 4491 1477 4570 μετριότητος.
