3282 5270
345 587 579 656 ccxxxvlss.
596 587 680 655 68⁷6
693 586 806 667 (1368)
820 587 970 652 ianuario.
985 587 1048 652 ind.
1063 587 1115 652 vl.

264 747 401 802 Ετείεείαε
415 747 516 819 Ephesi
529 757 555 802 εί
567 745 667 819 Ρρίτρίε·
685 747 767 802 eidem
781 747 960 818 conserendas
976 755 1042 802 ειιεεί
1053 748 1188 818 ρταεεειίό.

205 965 226 1039 †
262 957 427 1043 Πρᾶξις
464 959 682 1046 σονοδεκή
715 959 785 1025 όπὶ
820 960 873 1044 τῷ
904 961 1109 1044 Ποργίοο.
1154 963 1198 1026 τό
1235 981 1332 1046 προ·

41 1149 44 1152 ,
117 1085 275 1164 οίμιον
306 1088 381 1144 τοό
412 1077 913 1162 νωταρίοοΔημητρίοσ
946 1088 1020 1143 τού
1046 1079 1269 1162 Γεμίστοο
1300 1085 1330 1158 †.
1449 1063 1451 1068 ⁵

204 1202 224 1275 †
245 1197 307 1262 Καὶ
326 1197 432 1281 ἰατρός
454 1196 569 1270 ίκεῖνος
587 1196 711 1280 ἄριστος
732 1194 769 1260 ἂν
790 1198 916 1260 καλοῖτο
937 1201 1021 1281 παρα
1040 1209 1116 1262 πεσι
1137 1199 1274 1276 δικαίως,
1297 1201 1331 1273 δς

115 1329 156 1402 τῇ
178 1327 233 1402 της
255 1322 365 1402 τέχνης
388 1316 547 1399 ίπιμελείη
567 1317 818 1400 ριλοπονωεότως
840 1320 998 1400 χριόμενος
1029 1327 1091 1391 τοῖς
1113 1320 1248 1401 μάλιστα
1268 1323 1330 1381 κό-

116 1458 227 1519 μνοοσι
247 1441 302 1498 καί
323 1436 529 1498 κινδονεόοοσι
550 1433 612 1518 ἤδη
633 1435 785 1496 κάλλιστα
807 1435 861 1518 τήν
881 1431 984 1513 όγείαν
1006 1433 1175 1518 χαρίζεται,
1197 1441 1236 1500 τό
1256 1442 1331 1520 πρός

116 1559 270 1639 σωτηρίαν
292 1551 394 1626 αὐτοῖς
414 1557 628 1638 παρεχόμενος
649 1557 809 1637 ρύρρακα,
831 1557 886 1614 καὶ
907 1557 1019 1638 ποιμὴν
1035 1555 1151 1627 ίκεῖνος
1167 1557 1331 1621 όπαινεῖται

114 1677 202 1758 παρὰ
223 1673 301 1756 θεῷ,
335 1673 369 1744 δς
394 1674 429 1735 τό
455 1671 614 1756 πλανηθέν
645 1674 796 1755 πρόβατον
828 1671 964 1756 ίκζητιῖν
996 1677 1049 1736 καί
1082 1673 1331 1758 ἀνακαλούμενος

115 1791 166 1856 ίπί
198 1796 237 1856 τό
258 1790 316 1876 ὄρη
337 1793 507 1874 πορεύεται,
530 1794 584 1852 καί
609 1790 787 1854 καταλείπει
819 1793 874 1873 μέν
906 1789 1044 1854 ἐνταῦθα
1075 1797 1114 1854 τὰ
1145 1794 1246 1857 πολλὰ
1278 1800 1332 1857 καί

116 1897 325 1995 ἁναρίθμητα,
338 1911 412 1973 ιἐκεῖ
433 1911 467 1972 δέ
491 1913 653 1993 γενόμενος
676 1908 725 1972 ίπί
739 1920 797 1972 τεόν
812 1908 901 1992 όμων
924 1910 1000 1993 αἴρει
1023 1913 1056 1974 τό
1079 1912 1120 1986 δν,
1143 1917 1197 1974 καί
1212 1913 1329 1978 διασό-

117 2034 163 2101 ζει
185 2030 470 2114 φιλανθρωπότατα,
493 2027 569 2092 καθ’
586 2028 602 2090 δ
623 2031 678 2091 καί
699 2025 716 2091 ύ
738 2029 841 2110 κύριος
855 2025 941 2112 ἡμῶν
955 2033 1009 2092 καί
1031 2031 1106 2101 θεός
1121 2035 1251 2113 ποιμένα
1272 2037 1329 2094 κί-

114 2147 233 2230 κληκεν
256 2145 362 2210 όαοτόν
385 2146 507 2231 ἀληθῆ,
536 2144 583 2210 ότι
604 2148 658 2231 την
678 2143 831 2231 ἡμετέραν
852 2149 940 2232 φύσιν
965 2148 1175 2232 πλανηθεῖσαν
1199 2154 1254 2212 καί
1276 2160 1331 2233 της

118 2263 214 2354 αύτοό
235 2265 326 2349 δόξης
358 2287 391 2328 τε
423 2269 478 2328 καί
510 2273 599 2349 τιμῆς
632 2264 809 2330 ἀποστᾶσαν
842 2261 881 2327 δι’
914 2264 1030 2350 οἰκείαν
1064 2265 1247 2351 όγαθότητα
1278 2273 1332 2332 καί

114 2378 348 2468 φιλανθρωπίαν
370 2387 481 2467 ταύτην
504 2383 551 2446 ίπί
573 2393 630 2448 τόν
653 2382 742 2468 ὤμων
764 2382 925 2465 ὰναλαβύν
952 2384 996 2456 είς
1017 2387 1070 2468 πην
1092 2383 1226 2469 ἀρχαίαν
1249 2385 1328 2450 ἀπο·

116 2508 290 2586 κατέστησε
313 2505 461 2587 μάνδραν,
495 2517 562 2575 ταῖς
584 2507 707 2586 μοριοίσι
729 2505 841 2586 ταύτην
864 2507 1096 2588 σοναριθμὴσοις
1118 2515 1175 2568 τῶν
1197 2507 1329 2582 λογικῶν

116 2621 291 2706 ἆσωμότων
313 2623 480 2706 δυνάμεων,
507 2619 598 2705 οόπερ
625 2627 752 2705 μιμηταί
774 2625 856 2683 κατὰ
878 2622 1005 2704 δύναμιν
1026 2627 1194 2708 πεφυκότες
1216 2623 1246 2687 οἱ
1277 2629 1331 2710 την

114 2751 176 2806 τῶν
198 2747 303 2826 ψοχιῖν
325 2740 499 2824 ἐπιμέλειαν
532 2741 794 2826 λγκεχειρισμένοι
815 2749 877 2812 τοῖς
900 2742 1032 2824 μάλιστα
1058 2741 1215 2826 δεομένοις
1238 2747 1328 2808 διδα-

117 2862 251 2933 σκαλίας
281 2865 336 2924 καί
354 2867 562 2945 παραινέσεως
588 2860 744 2947 δρείλοοσι
770 2861 906 2944 βοηθεῖν.
940 2857 1016 2924 ὅποο
1037 2861 1072 2924 δέ
1096 2868 1186 2926 τείνει
1208 2869 1245 2928 τό
1278 2877 1333 2929 τοῦ

116 2983 270 3062 παρόντος
291 2980 386 3056 λόγοο
408 2985 462 3042 καί
482 2985 528 3050 τίς
550 2978 567 3042 ό
591 2982 705 3052 σκοπός
729 2975 820 3059 αὐτῷ,
842 2977 964 3060 ἕτοιμος
986 2976 1004 3042 ό
1025 2979 1119 3057 λόγος
1132 2980 1194 3064 ἤδη
1205 2980 1332 3065 δηλοῦν·

118 3099 241 3182 ἔφθασε
264 3101 318 3180 μδν
339 3095 360 3180 ἡ
383 3095 537 3178 ἁγαετοίτη
561 3095 714 3178 ἐκκλησία
728 3095 862 3178 Ποργίον
885 3095 1004 3158 ἄνωθεν
1025 3103 1079 3160 καί
1101 3095 1133 3170 ἐξ
1155 3097 1253 3182 ἀρχῆς
1275 3098 1332 3165 όπύ

118 3217 172 3298 την
206 3213 377 3298 ἁγιωτάτην
411 3215 595 3297 μητρόπολιν
627 3213 757 3297 Ἐρέσοι)
789 3215 921 3276 τελοῦσα
953 3213 993 3284 ὡς
1027 3213 1194 3279 όπισκόποιι
1227 3214 1332 3302 αύτης·

115 3335 175 3416 πρό
197 3336 314 3416 χρόνων
339 3335 373 3394 δέ
395 3332 515 3394 πολλῶν
538 3331 687 3413 βασιλικῷ
707 3333 895 3412 θεσπίσματι
916 3330 992 3394 καθ’
1015 3331 1124 3416 ἑαοτην
1140 3337 1258 3418 διῆγεν,
1275 3334 1331 3400 ύπό

118 3454 215 3535 μόνην
237 3453 369 3514 τελοῦσα
390 3453 443 3534 την
465 3449 541 3512 καθ’
562 3446 644 3533 ἡμᾶς
665 3448 749 3532 ἱερὰν
771 3453 825 3510 καὶ
848 3451 984 3533 μεγάλην
1008 3452 1143 3525 σύνοδον,
1177 3449 1217 3522 ός
1240 3474 1330 3534 τιμη-

119 3574 214 3634 θεῖσα
246 3571 287 3654 τῷ
317 3579 370 3655 της
404 3571 618 3653 μητροπόλεως
640 3567 767 3650 όνόματί
789 3591 821 3631 τε
842 3575 897 3630 καί
918 3575 1080 3651 πράγματι,
1103 3573 1247 3652 καθάπερ
1270 3572 1333 3654 ἄρα

116 3695 173 3753 καί
197 3689 229 3752 αἱ
250 3691 354 3753 λοιπαί
368 3689 579 3774 μητροπόλεις.
604 3685 698 3770 όλίγιμ
721 3689 755 3749 δὲ
771 3693 915 3771 πρότερον
931 3691 1152 3771 μητροπολίτοο
1174 3694 1254 3760 τινός
1277 3701 1331 3774 τῇς

118 3808 250 3894 Ἐφίσοο
282 3813 392 3894 ταύτην
425 3807 466 3880 ὡς
497 3808 577 3870 ἰδίαν
612 3806 779 3889 ἐπισκοπὴν
802 3807 1074 3888 ἀνακαλεσαμένου
1096 3812 1150 3870 καί
1183 3810 1332 3889 λαβόντος

118 3933 202 4012 παρὰ
224 3939 277 4016 της
299 3931 388 3999 θείας
410 3933 463 3990 καί
485 3927 569 4009 ἱεροῖς
592 3927 730 4000 σονόδοο,
763 3921 981 4007 χειροτονεῖται
1003 3923 1167 3998 ἐπίσκοπος
1190 3927 1220 3990 ἐν
1244 3926 1332 4012 αὐτη·

120 4045 175 4112 ούκ
198 4045 245 4112 ἐπί
268 4049 345 4110 πολό
367 4051 402 4112 δὲ
423 4049 591 4110 διετέλεσεν
614 4043 700 4120 οὕτω,
729 4045 885 4108 ἀλλὰκαὶ
908 4043 1000 4115 αὖθις
1026 4049 1211 4129 μητρόπολις
1233 4047 1274 4118 εἰς
1298 4052 1331 4110 τό

119 4173 261 4253 πρότερον
284 4173 406 4246 γίνεται.
431 4167 461 4240 ἐξ
484 4167 600 4230 ἐκείνου
622 4162 673 4228 οὖν
696 4167 749 4225 καί
772 4168 863 4249 μέχρι
885 4171 936 4226 τοό
959 4172 1010 4226 νόν
1033 4161 1192 4255 ἀρχιερεύς
1208 4167 1331 4248 γνήσιος

120 4285 176 4350 ούκ
199 4287 431 4372 ἐχειροτονήθη,
456 4283 522 4348 ἀλλ’
545 4287 654 4347 ἄλλοτε
678 4283 767 4345 ἄλλοι
802 4284 1020 4365 μητροπολῖται
1042 4287 1152 4367 ταύτην
1180 4283 1331 4364 ,ἐκρότουν

120 4403 282 4478 ἐπιδόσεως
303 4405 395 4487 λόγῳ,
419 4403 459 4474 ὥς
481 4407 534 4465 καί
556 4402 572 4467 ὁ
595 4403 669 4466 Χίον
693 4399 816 4476 ἐκεῖνος,
838 4405 895 4482 πρό
919 4399 1024 4478 ὀλῖγον
1050 4411 1168 4484 κρατεῖν
1190 4406 1241 4462 καί
1276 4404 1329 4485 την

118 4523 262 4608 Ἔρεσον.
295 4549 314 4609 η
349 4533 419 4602 γοῦν
454 4527 610 4608 μετριότης
632 4519 718 4605 ἡμῶν
740 4519 813 4604 ὑπὲρ
836 4532 893 4584 ειῑιν
920 4519 1138 4603 εὑρισκομένων
1163 4518 1226 4586 ἐκεῖ
1256 4539 1330 4604 χρι·

1109 4627 1140 4674 32
