3262 5276
1249 323 1312 388 343

82 513 281 596 δημιουργός
302 515 414 595 πόριος,
438 520 490 573 τοό
513 509 628 573 οὶκείου
654 522 710 574 των
734 522 913 594 χριατιανων
928 511 1107 594 πλάσματος
1131 513 1311 594 κηδόμενος,

81 629 144 695 υόκ
170 631 333 718 ἠνίσχετο,
357 630 427 696 οὐδὲ
449 636 667 715 παρεχώρησαν
691 632 738 694 ἐπί
759 633 850 693 πλόον
872 633 922 692 τόν
945 629 1156 714 Καππαδόκην
1180 631 1311 711 συγκρό-

78 755 228 814 πτεσθαι
249 757 302 815 καί
324 753 498 824 λανθάνειν,
523 749 603 813 ἀλλὰ
621 755 680 820 τὰς
703 760 755 812 τοῦ
777 759 910 833 πονηροό
932 756 986 812 καί
1006 759 1063 813 τόν
1079 755 1217 821 ζιζανίων
1234 770 1310 811 σπο-

80 872 167 948 μόαες
210 868 360 952 ἐκτάμνων
390 869 594 954 παραφυάδας
627 873 680 930 καί
711 869 797 930 τόνδε
835 871 885 929 τόν
913 867 1123 950 Καππαδόκην
1151 873 1228 949 μετὰ
1254 877 1312 928 τόν

79 997 235 1064 μαγικῶν
261 983 354 1049 αότυό
384 987 494 1067 βίβλων
525 988 777 1069 δτιρκονομήσατο
809 997 846 1069 τη
877 983 953 1047 καθ’
987 983 1066 1068 ἡμᾶς
1098 985 1164 1068 ἱεροί
1196 987 1312 1065 συνόδῳ

77 1115 284 1188 παραστῆναι
304 1107 358 1166 καί
379 1103 422 1175 εἰς
442 1113 592 1187 προόπτον
617 1103 848 1188 ἀπελεγχθηναί
870 1126 902 1164 τε
918 1109 971 1166 καί
987 1107 1250 1188 θριαμβευθηναι·
1275 1107 1313 1165 τό

81 1225 144 1302 μδν
170 1218 226 1284 σόν
248 1219 315 1286 κατ’
338 1217 430 1285 αὐτόν
453 1219 533 1293 ὅπως
555 1243 587 1284 τε
601 1225 863 1306 παρηκολούθησα
883 1224 936 1305 την
959 1220 1057 1305 ἀρχὴν
1080 1227 1133 1284 καὶ
1156 1219 1235 1290 όπως
1259 1217 1312 1281 ότι

79 1339 123 1422 δὴ
151 1343 291 1423 μιάστωρ
312 1343 367 1402 καί
389 1341 496 1422 λοιμός
518 1340 686 1424 διαρρήδην
709 1349 762 1424 της
786 1338 928 1420 ἀσεβείας
943 1345 997 1403 καί
1012 1351 1074 1411 τοῖς
1090 1342 1206 1409 λοιποῖς
1221 1360 1311 1420 μετι-

80 1459 189 1534 δίδου,
214 1460 334 1542 μακρόν
356 1455 393 1520 ἀν
416 1458 463 1541 εἴη
485 1458 627 1531 διεζιόναι
648 1463 703 1520 καί
724 1455 787 1522 πόδ’
811 1457 921 1530 ἀκοαῖς
944 1469 1008 1528 ταίς
1031 1471 1088 1520 των
1111 1459 1312 1542 ριλοχρίατων

82 1575 233 1652 ἀνεκτόν,
257 1573 324 1638 ἀλλ’
346 1572 366 1660 ἡ
389 1579 478 1646 νόσος
501 1571 578 1660 αδτη
600 1582 655 1638 καί
677 1585 730 1639 τοό
744 1584 895 1660 -μοναχοό
911 1623 1045 1638 ......
1072 1577 1255 1657 καθήψατο,
1278 1575 1312 1642 δς

81 1695 124 1777 δὴ
151 1693 186 1767 ἐξ
210 1693 356 1766 ἀπονοίας
378 1699 432 1756 καί
454 1695 630 1778 φιλοδοξίας
651 1697 748 1757 πάθει
770 1693 915 1763 ἑαλωκός
930 1696 1029 1755 πάντα
1051 1692 1156 1765 ἐποίει,
1179 1691 1260 1763 ὅπως
1276 1691 1312 1754 ἀν

84 1811 312 1896 ἀρχιερατικοῦ
336 1811 506 1895 ἀξιώματος
529 1810 672 1895 ἀπιτυχὴς
695 1817 827 1888 γίνοιτο,
852 1810 916 1874 ἐπεὶ
938 1812 982 1878 δὲ,
1005 1810 1081 1872 καθ’
1104 1809 1176 1872 ὅσον
1199 1809 1313 1872 ὲαποό-

85 1931 185 2002 δαζεν
213 1931 357 2013 μάλιστα,
384 1933 466 1993 κατὰ
492 1937 637 1992 τυσοῦτον
669 1929 860 2012 ἀπετύγχανε
887 1937 939 1990 τοῦ
967 1937 1099 2003 σκοποί,
1128 1926 1190 1990 οὐδ’
1216 1924 1310 1998 οότως

85 2048 184 2132 ἔληγε
213 2051 415 2132 συναίσθησιν
442 2047 584 2132 εἰληφός,
614 2045 681 2111 ἀλλ’
708 2045 745 2131 ην
772 2047 819 2110 ἐπί
845 2050 940 2128 τούτῳ
969 2058 1102 2130 συνεχως
1129 2059 1166 2129 τη
1194 2046 1310 2126 συνόδῳ

85 2177 216 2250 φοιτῶν
240 2165 305 2230 όπτί
327 2164 379 2229 οὖν
403 2167 512 2248 όβλεπε
535 2171 585 2230 τόν
608 2163 745 2252 ῥηθέντα
760 2167 972 2250 Καππαδόκην
995 2169 1160 2236 συνοδικιίις
1177 2165 1310 2240 ἀπελεγ-

84 2291 221 2369 χόμενον
243 2289 297 2350 διά
319 2309 350 2350 τε
378 2292 433 2359 τάς
461 2287 684 2370 ἀρρητουργίας
712 2282 805 2349 αὐτου
832 2291 886 2350 καί
913 2291 966 2356 τὰς
993 2291 1125 2367 μανικὰς
1154 2283 1309 2366 ἀσεβείας,

87 2403 162 2466 δάον
186 2401 278 2468 αὐτόν
300 2405 338 2488 δὴ
362 2408 413 2468 τόν
436 2408 573 2488 μοναχὸν
596 2410 729 2468 συνιίναι
751 2409 805 2466 καί
828 2401 1033 2486 ἀποτρόπαιον
1056 2405 1203 2474 καθάπαξ
1223 2398 1309 2484 ἡγεί-

83 2526 166 2586 σθαι
189 2535 295 2587 τοῦτον
322 2529 375 2586 καί
394 2525 584 2604 βδελυκτόν,
611 2522 627 2586 ό
656 2525 690 2584 δὲ
716 2526 769 2606 την
797 2531 849 2585 τοό
876 2524 1022 2603 διαβόλου
1049 2525 1242 2604 συμμαχίαν,
1268 2517 1309 2590 όνς

84 2644 128 2724 μη
157 2640 288 2728 ὄφελεν,
320 2641 559 2725 όπικεκλημὲνος
586 2644 636 2705 τόν
662 2641 876 2725 Καππαδόκην
904 2641 1043 2724 ἀσμίνως
1071 2646 1229 2724 προσίεται
1257 2643 1309 2700 καί

84 2761 191 2844 ιριλίαν
214 2759 360 2843 όμολογεί
381 2759 445 2843 μετ’
469 2758 577 2835 αότοό,
600 2765 653 2822 καί
674 2759 742 2823 κατ’
771 2761 856 2822 οἶκον
883 2766 979 2845 μόρων
1002 2763 1123 2834 ξενίζει,
1151 2765 1204 2821 καί
1233 2759 1310 2841 όμό-

86 2899 198 2956 στεηον
221 2875 312 2942 αότόν
333 2884 388 2942 καί
410 2879 586 2962 ὁμοδίαιτον
610 2881 693 2962 ἔχειν
717 2881 872 2960 βούλεται,
899 2884 951 2941 καί
974 2881 1067 2962 δῶρα,
1090 2884 1127 2941 τά
1151 2883 1205 2960 μὲν
1227 2876 1309 2938 ’ἑτοι-

87 3018 145 3079 μος
168 2994 206 3080 ἠν
230 2993 311 3082 αὐτῷ
330 3009 511 3082 παρασχείν,
535 3001 573 3060 τὰ
595 2999 628 3060 δὲ
653 2997 870 3080 όπηηγίλλετο,
894 2997 919 3060 εὶ
944 3003 1034 3081 μόνον
1054 2997 1117 3059 ἴδοι
1139 2997 1310 3078 δεδυνημέ-

87 3135 140 3176 νον
163 3119 422 3179 συσκευάσασθαι
437 3117 488 3178 διὰ
505 3126 698 3199 μαγγανειόν
712 3121 889 3198 πραγμάτιά
913 3139 978 3178 τινα
1000 3121 1053 3178 καί
1076 3119 1218 3199 μηχανὰς
1240 3115 1309 3174 δια-

88 3233 234 3312 βολικάς,
268 3230 346 3296 ὥστε
370 3239 424 3296 καί
454 3236 506 3318 τὴν
533 3236 660 3298 σύνοδον
686 3239 740 3296 καί
766 3236 836 3304 τούς
865 3234 932 3316 περὶ
958 3232 1040 3318 τ’,μας
1067 3245 1168 3294 πείσαι
1199 3229 1245 3294 ἐπί
1272 3231 1312 3312 τιρ

88 3353 339 3434 προβιβααθηναι
366 3363 471 3414 τοῦτον
504 3353 548 3423 εὶς
581 3351 809 3436 ἀρχιερωσύνης
837 3357 973 3435 βαθμὸν,
1006 3352 1021 3416 ό
1050 3355 1083 3414 δὲ
1111 3373 1144 3427 γε
1175 3358 1310 3418 τοιοότος

87 3469 301 3552 Καππαδόκης
325 3464 426 3552 ῥᾷστα
449 3481 502 3554 της
525 3470 659 3552 ἀρόσεως
682 3473 793 3554 ταύτης
818 3471 944 3543 ἀξιῶσαι
968 3469 1058 3532 αὐτόν
1081 3471 1309 3548 καθυπέσχετο,

90 3587 182 3662 ἶνθπν
205 3609 252 3649 τοι
273 3591 327 3650 καί
356 3586 495 3670 ἀσμένως
521 3593 574 3650 καί
603 3594 681 3682 μετβ
707 3591 822 3672 πολλῆς
849 3591 1035 3672 προσδοκίας
1061 3587 1310 3670 προσλαβόμενος

89 3707 139 3766 τόν
162 3703 377 3788 Καππαδόκην
401 3705 417 3769 ό
442 3709 587 3788 μοναχός,
612 3705 652 3777 ὣς
675 3704 898 3790 ὑπελάμβανεν,
922 3709 985 3789 εἶχε
1009 3715 1112 3768 τοῦτον
1141 3702 1212 3786 μεθ’
1236 3702 1310 3764 ἑαυ-

91 3830 155 3896 τοῦ,
179 3825 236 3883 καί
257 3819 460 3906 ἀριλορρόνει·
483 3823 561 3902 πλὴν
584 3821 600 3884 ό
624 3823 844 3908 Καππαδόκης,
868 3823 969 3906 ὥσπερ
992 3821 1082 3885 αὐτόν
1098 3821 1310 3904 ἀμειβόμενος.

90 3937 193 4002 ἐκείνα
215 3940 254 4022 δὴ
278 3937 352 4021 ἀωρί
374 3951 432 4001 τῶν
454 3951 568 4002 νυκτιόν
592 3939 716 4025 ἔγραφε,
739 3948 792 4004 καί
816 3939 908 4004 αὐτοῦ
935 3951 987 4002 τοό
1016 3948 1155 4022 μοναχοό
1184 3938 1309 4002 ἐπιστα-

88 4063 191 4140 μάνου,
214 4063 268 4120 καί
290 4055 346 4120 ιἰπό
370 4063 403 4122 τό
432 4058 551 4142 αἴθριον
574 4057 696 4142 ἀντικρὺ
719 4071 776 4124 τόν
803 4061 919 4142 ἄστρων
946 4057 1056 4133 ἐτίθει,
1086 4059 1228 4120 όνττόθεν
1251 4063 1308 4138 γὰρ

89 4177 180 4255 όλεηε
203 4182 258 4240 καί
280 4178 334 4260 την
356 4177 445 4261 ἶσχόν
466 4191 620 4260 προσεῖναι
641 4183 718 4262 πρός
741 4183 773 4241 τό
797 4181 993 4260 ζητούμενον,
1023 4174 1083 4240 ὅσα
1110 4181 1185 4259 μήτε
1208 4178 1307 4251 λέγειν

91 4295 158 4378 μήτ’
181 4295 304 4358 ἀκοόειν
326 4297 432 4368 καλόν,
455 4299 509 4380 την
532 4319 563 4359 τε
594 4303 653 4380 γάρ
682 4300 786 4378 κοινὴν
816 4306 873 4356 τόν
896 4305 1076 4376 χριστιανιόν
1103 4291 1188 4376 ἡμῶν
1210 4315 1305 4373 προο-

91 4416 181 4497 ιυχὴν
207 4415 261 4496 τὴν
288 4413 330 4482 εὶς
358 4417 409 4476 τόν
435 4418 539 4496 κόριον
565 4412 650 4497 ἡμῶν
677 4420 729 4476 καί
758 4417 839 4476 κατὰ
866 4417 956 4494 χάριν
983 4418 1099 4492 πατέρα
1127 4410 1303 4490 ἀναπεμπο-

92 4535 179 4614 μίνην
208 4534 383 4614 γράμμασιν
419 4529 621 4615 ἀντιστρόφως
653 4535 706 4594 καί
740 4530 870 4603 ἐναλλὰξ
903 4531 1033 4612 ἔγραψεν
1061 4528 1091 4590 ἐν
1121 4533 1220 4616 χάρτη
1251 4533 1305 4590 τινί
