<?xml version="1.0" encoding="UTF-8"?>
<!DOCTYPE html PUBLIC "-//W3C//DTD XHTML 1.0 Transitional//EN"
    "http://www.w3.org/TR/xhtml1/DTD/xhtml1-transitional.dtd">
<html xmlns="http://www.w3.org/1999/xhtml" xml:lang="en" lang="en">
 <head>
  <title>
</title>
<meta http-equiv="Content-Type" content="text/html;charset=utf-8" />
  <meta name='ocr-system' content='tesseract 3.04.00' />
  <meta name='ocr-capabilities' content='ocr_page ocr_carea ocr_par ocr_line ocrx_word'/>
</head>
<body>
  <div class='ocr_page' id='page_1' title='image "./actaetdiplomata01miklgoog_0554.png"; bbox 0 0 3282 5270; ppageno 0'>
   <div class='ocr_carea' id='block_1_1' title="bbox 1255 265 1318 330">
    <p class='ocr_par' dir='ltr' id='par_1_1' title="bbox 1255 265 1318 330">
     <span class='ocr_line' id='line_1_1' title="bbox 1255 265 1318 330; baseline 0 -1"><span class='ocrx_word' id='word_1_1' title='bbox 1255 265 1318 330; x_wconf 69' lang='lat'><strong>495</strong></span> 
     </span>
    </p>
   </div>
   <div class='ocr_carea' id='block_1_2' title="bbox 48 442 1369 4192">
    <p class='ocr_par' dir='ltr' id='par_1_2' title="bbox 48 442 1369 4192">
     <span class='ocr_line' id='line_1_2' title="bbox 102 442 1318 532; baseline 0.003 -22"><span class='ocrx_word' id='word_1_2' title='bbox 102 451 250 531; x_wconf 87' lang='grc' dir='ltr'><strong>μενείοις,</strong></span> <span class='ocrx_word' id='word_1_3' title='bbox 287 447 540 531; x_wconf 79' lang='grc' dir='ltr'><strong>σονεόριαίόντων</strong></span> <span class='ocrx_word' id='word_1_4' title='bbox 573 442 654 530; x_wconf 74' lang='grc' dir='ltr'><strong>αύτῷ</strong></span> <span class='ocrx_word' id='word_1_5' title='bbox 687 449 741 510; x_wconf 82' lang='grc' dir='ltr'><strong>καὶ</strong></span> <span class='ocrx_word' id='word_1_6' title='bbox 773 456 831 510; x_wconf 76' lang='grc' dir='ltr'><strong>τῶν</strong></span> <span class='ocrx_word' id='word_1_7' title='bbox 863 445 1030 532; x_wconf 86' lang='grc' dir='ltr'><strong>όερυτάτων</strong></span> <span class='ocrx_word' id='word_1_8' title='bbox 1063 445 1228 532; x_wconf 68' lang='grc' dir='ltr'><strong>ἀρχιερέων</strong></span> <span class='ocrx_word' id='word_1_9' title='bbox 1263 453 1318 514; x_wconf 80' lang='grc' dir='ltr'><strong>καί</strong></span> 
     </span>
     <span class='ocr_line' id='line_1_3' title="bbox 103 561 1318 652; baseline 0 -22"><span class='ocrx_word' id='word_1_10' title='bbox 103 561 284 650; x_wconf 84' lang='grc' dir='ltr'><strong>ύπερτίμων,</strong></span> <span class='ocrx_word' id='word_1_11' title='bbox 307 577 360 630; x_wconf 81' lang='grc' dir='ltr'><strong>τού</strong></span> <span class='ocrx_word' id='word_1_12' title='bbox 381 563 581 649; x_wconf 72' lang='grc' dir='ltr'><strong>Καισαρείας,</strong></span> <span class='ocrx_word' id='word_1_13' title='bbox 604 575 657 630; x_wconf 83' lang='grc' dir='ltr'><strong>τού</strong></span> <span class='ocrx_word' id='word_1_14' title='bbox 678 563 818 652; x_wconf 79' lang='grc' dir='ltr'><strong>Ἐρό’σοο,</strong></span> <span class='ocrx_word' id='word_1_15' title='bbox 841 573 894 630; x_wconf 86' lang='grc' dir='ltr'><strong>τού</strong></span> <span class='ocrx_word' id='word_1_16' title='bbox 909 565 1053 642; x_wconf 76' lang='grc' dir='ltr'><strong>Κυζίκου,</strong></span> <span class='ocrx_word' id='word_1_17' title='bbox 1075 575 1128 630; x_wconf 82' lang='grc' dir='ltr'><strong>τού</strong></span> <span class='ocrx_word' id='word_1_18' title='bbox 1149 566 1318 652; x_wconf 71' lang='grc' dir='ltr'><strong>Χαλκηδό-</strong></span> 
     </span>
     <span class='ocr_line' id='line_1_4' title="bbox 102 682 1317 772; baseline 0.002 -27"><span class='ocrx_word' id='word_1_19' title='bbox 102 704 165 761; x_wconf 91' lang='grc' dir='ltr'><strong>νος,</strong></span> <span class='ocrx_word' id='word_1_20' title='bbox 187 694 241 748; x_wconf 85' lang='grc' dir='ltr'><strong>τοῦ</strong></span> <span class='ocrx_word' id='word_1_21' title='bbox 262 685 413 768; x_wconf 85' lang='grc' dir='ltr'><strong>Βρύσεως,</strong></span> <span class='ocrx_word' id='word_1_22' title='bbox 436 694 488 748; x_wconf 82' lang='grc' dir='ltr'><strong>τού</strong></span> <span class='ocrx_word' id='word_1_23' title='bbox 509 685 632 772; x_wconf 73' lang='grc' dir='ltr'><strong>Βιίύης,</strong></span> <span class='ocrx_word' id='word_1_24' title='bbox 654 682 740 757; x_wconf 83' lang='grc' dir='ltr'><strong>ὄντος</strong></span> <span class='ocrx_word' id='word_1_25' title='bbox 762 686 813 766; x_wconf 79' lang='grc' dir='ltr'><strong>θεὰ</strong></span> <span class='ocrx_word' id='word_1_26' title='bbox 836 688 958 770; x_wconf 81' lang='grc' dir='ltr'><strong>γνώμης</strong></span> <span class='ocrx_word' id='word_1_27' title='bbox 979 689 1033 747; x_wconf 87' lang='grc' dir='ltr'><strong>καί</strong></span> <span class='ocrx_word' id='word_1_28' title='bbox 1056 693 1108 748; x_wconf 84' lang='grc' dir='ltr'><strong>τού</strong></span> <span class='ocrx_word' id='word_1_29' title='bbox 1123 682 1225 761; x_wconf 76' lang='grc' dir='ltr'><strong>Αἴνου,</strong></span> <span class='ocrx_word' id='word_1_30' title='bbox 1242 684 1317 748; x_wconf 78' lang='grc' dir='ltr'><strong>ίλα-</strong></span> 
     </span>
     <span class='ocr_line' id='line_1_5' title="bbox 102 799 1368 887; baseline 0.002 -23"><span class='ocrx_word' id='word_1_31' title='bbox 102 803 191 887; x_wconf 84' lang='grc' dir='ltr'><strong>λῆθη</strong></span> <span class='ocrx_word' id='word_1_32' title='bbox 213 808 280 886; x_wconf 86' lang='grc' dir='ltr'><strong>περί</strong></span> <span class='ocrx_word' id='word_1_33' title='bbox 298 811 351 867; x_wconf 87' lang='grc' dir='ltr'><strong>τού</strong></span> <span class='ocrx_word' id='word_1_34' title='bbox 366 803 674 886; x_wconf 82' lang='grc' dir='ltr'><strong>Χριστιανοοπόλεως,</strong></span> <span class='ocrx_word' id='word_1_35' title='bbox 698 799 744 865; x_wconf 86' lang='grc' dir='ltr'><strong>ύτι</strong></span> <span class='ocrx_word' id='word_1_36' title='bbox 765 824 797 864; x_wconf 90' lang='grc' dir='ltr'><strong>τε</strong></span> <span class='ocrx_word' id='word_1_37' title='bbox 820 805 871 866; x_wconf 88' lang='grc' dir='ltr'><strong>τόν</strong></span> <span class='ocrx_word' id='word_1_38' title='bbox 894 805 1029 886; x_wconf 81' lang='grc' dir='ltr'><strong>μοναχὸν</strong></span> <span class='ocrx_word' id='word_1_39' title='bbox 1043 799 1170 865; x_wconf 83' lang='grc' dir='ltr'><strong>Ἡσαΐαν</strong></span> <span class='ocrx_word' id='word_1_40' title='bbox 1192 805 1243 864; x_wconf 83' lang='grc' dir='ltr'><strong>τόν</strong></span> <span class='ocrx_word' id='word_1_41' title='bbox 1259 801 1319 867; x_wconf 78' lang='grc' dir='ltr'><strong>ἀπὸ</strong></span> <span class='ocrx_word' id='word_1_42' title='bbox 1365 816 1368 821; x_wconf 84' lang='grc'><strong>’</strong></span> 
     </span>
     <span class='ocr_line' id='line_1_6' title="bbox 102 919 1307 1004; baseline -0.002 -20"><span class='ocrx_word' id='word_1_43' title='bbox 102 927 158 1003; x_wconf 86' lang='grc' dir='ltr'><strong>τῆς</strong></span> <span class='ocrx_word' id='word_1_44' title='bbox 181 928 276 1004; x_wconf 82' lang='grc' dir='ltr'><strong>μονῆς</strong></span> <span class='ocrx_word' id='word_1_45' title='bbox 297 928 351 984; x_wconf 85' lang='grc' dir='ltr'><strong>τού</strong></span> <span class='ocrx_word' id='word_1_46' title='bbox 374 925 473 1004; x_wconf 89' lang='grc' dir='ltr'><strong>τιμίου</strong></span> <span class='ocrx_word' id='word_1_47' title='bbox 488 920 668 1004; x_wconf 83' lang='grc' dir='ltr'><strong>Προθρόμου</strong></span> <span class='ocrx_word' id='word_1_48' title='bbox 691 919 856 991; x_wconf 79' lang='grc' dir='ltr'><strong>σονοόικῶς</strong></span> <span class='ocrx_word' id='word_1_49' title='bbox 871 919 1086 1004; x_wconf 79' lang='grc' dir='ltr'><strong>όπισχεθίντα,</strong></span> <span class='ocrx_word' id='word_1_50' title='bbox 1109 921 1150 1004; x_wconf 84' lang='grc' dir='ltr'><strong>μῆ</strong></span> <span class='ocrx_word' id='word_1_51' title='bbox 1165 922 1307 1002; x_wconf 82' lang='grc' dir='ltr'><strong>προβιβα·</strong></span> 
     </span>
     <span class='ocr_line' id='line_1_7' title="bbox 48 1035 1320 1124; baseline 0.002 -24"><span class='ocrx_word' id='word_1_52' title='bbox 48 1111 51 1115; x_wconf 38' lang='grc'><strong>,</strong></span> <span class='ocrx_word' id='word_1_53' title='bbox 102 1040 221 1120; x_wconf 91' lang='grc' dir='ltr'><strong>σθῆναι</strong></span> <span class='ocrx_word' id='word_1_54' title='bbox 241 1037 286 1110; x_wconf 77' lang='grc' dir='ltr'><strong>είς</strong></span> <span class='ocrx_word' id='word_1_55' title='bbox 309 1037 471 1124; x_wconf 73' lang='grc' dir='ltr'><strong>ἱερωσύνην</strong></span> <span class='ocrx_word' id='word_1_56' title='bbox 493 1041 544 1104; x_wconf 82' lang='grc' dir='ltr'><strong>όιιλ</strong></span> <span class='ocrx_word' id='word_1_57' title='bbox 566 1042 600 1115; x_wconf 87' lang='grc' dir='ltr'><strong>τό</strong></span> <span class='ocrx_word' id='word_1_58' title='bbox 623 1040 730 1103; x_wconf 76' lang='grc' dir='ltr'><strong>δοῦναι</strong></span> <span class='ocrx_word' id='word_1_59' title='bbox 750 1043 804 1102; x_wconf 87' lang='grc' dir='ltr'><strong>καί</strong></span> <span class='ocrx_word' id='word_1_60' title='bbox 826 1035 916 1102; x_wconf 79' lang='grc' dir='ltr'><strong>αὐτόν</strong></span> <span class='ocrx_word' id='word_1_61' title='bbox 939 1038 979 1121; x_wconf 75' lang='grc' dir='ltr'><strong>τῷ</strong></span> <span class='ocrx_word' id='word_1_62' title='bbox 1001 1042 1089 1122; x_wconf 86' lang='grc' dir='ltr'><strong>γόητι</strong></span> <span class='ocrx_word' id='word_1_63' title='bbox 1111 1036 1253 1122; x_wconf 79' lang='grc' dir='ltr'><strong>ίνόχορον</strong></span> <span class='ocrx_word' id='word_1_64' title='bbox 1270 1037 1320 1104; x_wconf 81' lang='grc' dir='ltr'><strong>όπί</strong></span> 
     </span>
     <span class='ocr_line' id='line_1_8' title="bbox 104 1151 1318 1240; baseline 0 -23"><span class='ocrx_word' id='word_1_65' title='bbox 104 1157 140 1217; x_wconf 85' lang='grc' dir='ltr'><strong>τό</strong></span> <span class='ocrx_word' id='word_1_66' title='bbox 173 1151 270 1237; x_wconf 86' lang='grc' dir='ltr'><strong>εύρεῖν</strong></span> <span class='ocrx_word' id='word_1_67' title='bbox 303 1160 341 1220; x_wconf 85' lang='grc' dir='ltr'><strong>τὰ</strong></span> <span class='ocrx_word' id='word_1_68' title='bbox 363 1153 524 1240; x_wconf 83' lang='grc' dir='ltr'><strong>ύπερπύρα,</strong></span> <span class='ocrx_word' id='word_1_69' title='bbox 559 1155 634 1240; x_wconf 80' lang='grc' dir='ltr'><strong>ἅπερ</strong></span> <span class='ocrx_word' id='word_1_70' title='bbox 661 1154 817 1220; x_wconf 82' lang='grc' dir='ltr'><strong>ἀπύλεσεν</strong></span> <span class='ocrx_word' id='word_1_71' title='bbox 842 1155 859 1220; x_wconf 87' lang='grc' dir='ltr'><strong>ό</strong></span> <span class='ocrx_word' id='word_1_72' title='bbox 882 1159 1019 1240; x_wconf 86' lang='grc' dir='ltr'><strong>μοναχός</strong></span> <span class='ocrx_word' id='word_1_73' title='bbox 1041 1155 1182 1239; x_wconf 83' lang='grc' dir='ltr'><strong>Ἱλαρίων,</strong></span> <span class='ocrx_word' id='word_1_74' title='bbox 1216 1157 1318 1238; x_wconf 71' lang='grc' dir='ltr'><strong>λαβὼν</strong></span> 
     </span>
     <span class='ocr_line' id='line_1_9' title="bbox 105 1271 1319 1360; baseline 0.002 -24"><span class='ocrx_word' id='word_1_75' title='bbox 105 1271 224 1336; x_wconf 75' lang='grc' dir='ltr'><strong>όκείνον</strong></span> <span class='ocrx_word' id='word_1_76' title='bbox 258 1273 317 1338; x_wconf 76' lang='grc' dir='ltr'><strong>ἀπὸ</strong></span> <span class='ocrx_word' id='word_1_77' title='bbox 339 1285 393 1360; x_wconf 84' lang='grc' dir='ltr'><strong>τῆς</strong></span> <span class='ocrx_word' id='word_1_78' title='bbox 415 1279 558 1360; x_wconf 78' lang='grc' dir='ltr'><strong>τοιαύτης</strong></span> <span class='ocrx_word' id='word_1_79' title='bbox 580 1286 684 1360; x_wconf 87' lang='grc' dir='ltr'><strong>μονῆς,</strong></span> <span class='ocrx_word' id='word_1_80' title='bbox 706 1280 760 1339; x_wconf 90' lang='grc' dir='ltr'><strong>καί</strong></span> <span class='ocrx_word' id='word_1_81' title='bbox 781 1283 877 1340; x_wconf 80' lang='grc' dir='ltr'><strong>ταῦτα</strong></span> <span class='ocrx_word' id='word_1_82' title='bbox 898 1278 951 1360; x_wconf 84' lang='grc' dir='ltr'><strong>τῆν</strong></span> <span class='ocrx_word' id='word_1_83' title='bbox 975 1271 1121 1340; x_wconf 87' lang='grc' dir='ltr'><strong>ύπόθεοιν</strong></span> <span class='ocrx_word' id='word_1_84' title='bbox 1143 1274 1231 1346; x_wconf 77' lang='grc' dir='ltr'><strong>είύύς</strong></span> <span class='ocrx_word' id='word_1_85' title='bbox 1263 1280 1319 1338; x_wconf 82' lang='grc' dir='ltr'><strong>καί</strong></span> 
     </span>
     <span class='ocr_line' id='line_1_10' title="bbox 102 1391 1319 1478; baseline 0.003 -24"><span class='ocrx_word' id='word_1_86' title='bbox 102 1391 305 1476; x_wconf 84' lang='grc' dir='ltr'><strong>όιαμηνοθείς</strong></span> <span class='ocrx_word' id='word_1_87' title='bbox 325 1399 409 1476; x_wconf 79' lang='grc' dir='ltr'><strong>παρὰ</strong></span> <span class='ocrx_word' id='word_1_88' title='bbox 430 1403 483 1457; x_wconf 78' lang='grc' dir='ltr'><strong>τοῦ</strong></span> <span class='ocrx_word' id='word_1_89' title='bbox 503 1397 734 1472; x_wconf 86' lang='grc' dir='ltr'><strong>παναγιωτάτοο</strong></span> <span class='ocrx_word' id='word_1_90' title='bbox 747 1391 834 1478; x_wconf 76' lang='grc' dir='ltr'><strong>ἡμῶν</strong></span> <span class='ocrx_word' id='word_1_91' title='bbox 856 1395 1013 1469; x_wconf 74' lang='grc' dir='ltr'><strong>δυσπότου,</strong></span> <span class='ocrx_word' id='word_1_92' title='bbox 1036 1403 1089 1458; x_wconf 85' lang='grc' dir='ltr'><strong>τού</strong></span> <span class='ocrx_word' id='word_1_93' title='bbox 1105 1393 1319 1478; x_wconf 76' lang='grc' dir='ltr'><strong>οἰκουμενικοό</strong></span> 
     </span>
     <span class='ocr_line' id='line_1_11' title="bbox 103 1510 1317 1597; baseline 0.005 -25"><span class='ocrx_word' id='word_1_94' title='bbox 103 1513 305 1595; x_wconf 84' lang='grc' dir='ltr'><strong>πατριάρχου,</strong></span> <span class='ocrx_word' id='word_1_95' title='bbox 327 1513 379 1576; x_wconf 86' lang='grc' dir='ltr'><strong>όιά</strong></span> <span class='ocrx_word' id='word_1_96' title='bbox 400 1535 433 1576; x_wconf 91' lang='grc' dir='ltr'><strong>τε</strong></span> <span class='ocrx_word' id='word_1_97' title='bbox 455 1522 513 1576; x_wconf 80' lang='grc' dir='ltr'><strong>των</strong></span> <span class='ocrx_word' id='word_1_98' title='bbox 527 1511 697 1595; x_wconf 80' lang='grc' dir='ltr'><strong>ίερωτάεων</strong></span> <span class='ocrx_word' id='word_1_99' title='bbox 713 1510 960 1597; x_wconf 77' lang='grc' dir='ltr'><strong>ἁρχιερίων,τού</strong></span> <span class='ocrx_word' id='word_1_100' title='bbox 982 1534 1015 1575; x_wconf 91' lang='grc' dir='ltr'><strong>τε</strong></span> <span class='ocrx_word' id='word_1_101' title='bbox 1037 1511 1167 1596; x_wconf 82' lang='grc' dir='ltr'><strong>Ἐρίσου</strong></span> <span class='ocrx_word' id='word_1_102' title='bbox 1188 1517 1242 1575; x_wconf 84' lang='grc' dir='ltr'><strong>καί</strong></span> <span class='ocrx_word' id='word_1_103' title='bbox 1264 1521 1317 1578; x_wconf 85' lang='grc' dir='ltr'><strong>τού</strong></span> 
     </span>
     <span class='ocr_line' id='line_1_12' title="bbox 102 1627 1315 1714; baseline 0.001 -20"><span class='ocrx_word' id='word_1_104' title='bbox 102 1627 393 1712; x_wconf 83' lang='grc' dir='ltr'><strong>Ἃόριανοοπόλεως,</strong></span> <span class='ocrx_word' id='word_1_105' title='bbox 428 1632 469 1713; x_wconf 81' lang='grc' dir='ltr'><strong>μῆ</strong></span> <span class='ocrx_word' id='word_1_106' title='bbox 502 1631 605 1712; x_wconf 74' lang='grc' dir='ltr'><strong>λαβεῖν</strong></span> <span class='ocrx_word' id='word_1_107' title='bbox 629 1627 729 1706; x_wconf 87' lang='grc' dir='ltr'><strong>αότύν,</strong></span> <span class='ocrx_word' id='word_1_108' title='bbox 764 1629 837 1694; x_wconf 76' lang='grc' dir='ltr'><strong>ύόύ</strong></span> <span class='ocrx_word' id='word_1_109' title='bbox 860 1631 962 1712; x_wconf 73' lang='grc' dir='ltr'><strong>λαβὼν</strong></span> <span class='ocrx_word' id='word_1_110' title='bbox 983 1628 1103 1702; x_wconf 70' lang='grc' dir='ltr'><strong>καθείς</strong></span> <span class='ocrx_word' id='word_1_111' title='bbox 1129 1631 1182 1714; x_wconf 79' lang='grc' dir='ltr'><strong>τῆν</strong></span> <span class='ocrx_word' id='word_1_112' title='bbox 1205 1629 1315 1696; x_wconf 68' lang='grc' dir='ltr'><strong>ἑαυτοῦ</strong></span> 
     </span>
     <span class='ocr_line' id='line_1_13' title="bbox 103 1746 1316 1832; baseline 0.003 -22"><span class='ocrx_word' id='word_1_113' title='bbox 103 1747 274 1832; x_wconf 74' lang='grc' dir='ltr'><strong>ίκκλησίαν</strong></span> <span class='ocrx_word' id='word_1_114' title='bbox 307 1748 451 1812; x_wconf 78' lang='grc' dir='ltr'><strong>ἀπελθόν</strong></span> <span class='ocrx_word' id='word_1_115' title='bbox 475 1747 688 1832; x_wconf 79' lang='grc' dir='ltr'><strong>όχειροεύνησε</strong></span> <span class='ocrx_word' id='word_1_116' title='bbox 720 1756 825 1812; x_wconf 76' lang='grc' dir='ltr'><strong>τοῦτον</strong></span> <span class='ocrx_word' id='word_1_117' title='bbox 857 1751 1010 1824; x_wconf 75' lang='grc' dir='ltr'><strong>διάκονον,</strong></span> <span class='ocrx_word' id='word_1_118' title='bbox 1043 1753 1098 1812; x_wconf 83' lang='grc' dir='ltr'><strong>καί</strong></span> <span class='ocrx_word' id='word_1_119' title='bbox 1130 1746 1177 1812; x_wconf 86' lang='grc' dir='ltr'><strong>ότι</strong></span> <span class='ocrx_word' id='word_1_120' title='bbox 1207 1752 1316 1814; x_wconf 90' lang='grc' dir='ltr'><strong>τούτου</strong></span> 
     </span>
     <span class='ocr_line' id='line_1_14' title="bbox 103 1861 1314 1950; baseline 0.002 -22"><span class='ocrx_word' id='word_1_121' title='bbox 103 1871 268 1948; x_wconf 67' lang='grc' dir='ltr'><strong>γενομένου</strong></span> <span class='ocrx_word' id='word_1_122' title='bbox 289 1869 343 1928; x_wconf 90' lang='grc' dir='ltr'><strong>καί</strong></span> <span class='ocrx_word' id='word_1_123' title='bbox 364 1873 416 1928; x_wconf 83' lang='grc' dir='ltr'><strong>τοῦ</strong></span> <span class='ocrx_word' id='word_1_124' title='bbox 439 1861 588 1948; x_wconf 82' lang='grc' dir='ltr'><strong>ῥηθόντος</strong></span> <span class='ocrx_word' id='word_1_125' title='bbox 608 1864 734 1932; x_wconf 77' lang='grc' dir='ltr'><strong>Ἡσαΐου</strong></span> <span class='ocrx_word' id='word_1_126' title='bbox 756 1865 902 1938; x_wconf 77' lang='grc' dir='ltr'><strong>λλθόντος</strong></span> <span class='ocrx_word' id='word_1_127' title='bbox 928 1865 1064 1934; x_wconf 79' lang='grc' dir='ltr'><strong>ύντοιύθα</strong></span> <span class='ocrx_word' id='word_1_128' title='bbox 1086 1871 1139 1932; x_wconf 82' lang='grc' dir='ltr'><strong>καί</strong></span> <span class='ocrx_word' id='word_1_129' title='bbox 1160 1869 1314 1950; x_wconf 87' lang='grc' dir='ltr'><strong>καθαιρε-</strong></span> 
     </span>
     <span class='ocr_line' id='line_1_15' title="bbox 102 1981 1316 2068; baseline 0.002 -22"><span class='ocrx_word' id='word_1_130' title='bbox 102 1985 214 2054; x_wconf 82' lang='grc' dir='ltr'><strong>θόντος</strong></span> <span class='ocrx_word' id='word_1_131' title='bbox 237 1985 326 2068; x_wconf 77' lang='grc' dir='ltr'><strong>ψῆριρ</strong></span> <span class='ocrx_word' id='word_1_132' title='bbox 348 1983 507 2068; x_wconf 82' lang='grc' dir='ltr'><strong>συνοόικῆ,</strong></span> <span class='ocrx_word' id='word_1_133' title='bbox 535 1983 713 2068; x_wconf 78' lang='grc' dir='ltr'><strong>όπισχεθείς</strong></span> <span class='ocrx_word' id='word_1_134' title='bbox 734 1987 789 2048; x_wconf 84' lang='grc' dir='ltr'><strong>καί</strong></span> <span class='ocrx_word' id='word_1_135' title='bbox 810 1981 827 2046; x_wconf 92' lang='grc' dir='ltr'><strong>ό</strong></span> <span class='ocrx_word' id='word_1_136' title='bbox 848 1983 1148 2066; x_wconf 79' lang='grc' dir='ltr'><strong>Χριστιανουπύλεως</strong></span> <span class='ocrx_word' id='word_1_137' title='bbox 1169 1982 1224 2048; x_wconf 87' lang='grc' dir='ltr'><strong>καί</strong></span> <span class='ocrx_word' id='word_1_138' title='bbox 1245 1985 1316 2048; x_wconf 78' lang='grc' dir='ltr'><strong>θια-</strong></span> 
     </span>
     <span class='ocr_line' id='line_1_16' title="bbox 104 2099 1316 2188; baseline 0.002 -22"><span class='ocrx_word' id='word_1_139' title='bbox 104 2105 263 2186; x_wconf 85' lang='grc' dir='ltr'><strong>μηνοθείς,</strong></span> <span class='ocrx_word' id='word_1_140' title='bbox 287 2100 389 2166; x_wconf 72' lang='grc' dir='ltr'><strong>ἐλθεῖν</strong></span> <span class='ocrx_word' id='word_1_141' title='bbox 412 2101 549 2166; x_wconf 72' lang='grc' dir='ltr'><strong>ἐνταῦθα</strong></span> <span class='ocrx_word' id='word_1_142' title='bbox 571 2101 842 2188; x_wconf 78' lang='grc' dir='ltr'><strong>ἀπολογησόμενος</strong></span> <span class='ocrx_word' id='word_1_143' title='bbox 864 2102 1040 2178; x_wconf 78' lang='grc' dir='ltr'><strong>σονούικως,</strong></span> <span class='ocrx_word' id='word_1_144' title='bbox 1057 2099 1127 2166; x_wconf 88' lang='grc' dir='ltr'><strong>ότοο</strong></span> <span class='ocrx_word' id='word_1_145' title='bbox 1149 2106 1239 2186; x_wconf 88' lang='grc' dir='ltr'><strong>χάριν</strong></span> <span class='ocrx_word' id='word_1_146' title='bbox 1259 2123 1316 2168; x_wconf 88' lang='grc' dir='ltr'><strong>πε·</strong></span> 
     </span>
     <span class='ocr_line' id='line_1_17' title="bbox 101 2215 1316 2305; baseline 0.001 -22"><span class='ocrx_word' id='word_1_147' title='bbox 101 2225 214 2302; x_wconf 85' lang='grc' dir='ltr'><strong>ποίηκι</strong></span> <span class='ocrx_word' id='word_1_148' title='bbox 236 2227 340 2296; x_wconf 82' lang='grc' dir='ltr'><strong>ταῦτα,</strong></span> <span class='ocrx_word' id='word_1_149' title='bbox 364 2217 380 2282; x_wconf 87' lang='grc' dir='ltr'><strong>ύ</strong></span> <span class='ocrx_word' id='word_1_150' title='bbox 403 2220 442 2298; x_wconf 80' lang='grc' dir='ltr'><strong>όόΙ</strong></span> <span class='ocrx_word' id='word_1_151' title='bbox 460 2215 630 2304; x_wconf 80' lang='grc' dir='ltr'><strong>ούκήλθε,</strong></span> <span class='ocrx_word' id='word_1_152' title='bbox 655 2219 903 2304; x_wconf 88' lang='grc' dir='ltr'><strong>προβαλλόμενος</strong></span> <span class='ocrx_word' id='word_1_153' title='bbox 925 2218 1045 2283; x_wconf 77' lang='grc' dir='ltr'><strong>ίνόειαν</strong></span> <span class='ocrx_word' id='word_1_154' title='bbox 1066 2223 1121 2284; x_wconf 86' lang='grc' dir='ltr'><strong>καί</strong></span> <span class='ocrx_word' id='word_1_155' title='bbox 1146 2223 1180 2284; x_wconf 89' lang='grc' dir='ltr'><strong>τύ</strong></span> <span class='ocrx_word' id='word_1_156' title='bbox 1197 2221 1237 2305; x_wconf 88' lang='grc' dir='ltr'><strong>μὴ</strong></span> <span class='ocrx_word' id='word_1_157' title='bbox 1260 2221 1316 2284; x_wconf 84' lang='grc' dir='ltr'><strong>θύ-</strong></span> 
     </span>
     <span class='ocr_line' id='line_1_18' title="bbox 102 2333 1316 2422; baseline 0.002 -24"><span class='ocrx_word' id='word_1_158' title='bbox 102 2339 221 2400; x_wconf 86' lang='grc' dir='ltr'><strong>νασθαι</strong></span> <span class='ocrx_word' id='word_1_159' title='bbox 242 2335 278 2400; x_wconf 75' lang='grc' dir='ltr'><strong>δι’</strong></span> <span class='ocrx_word' id='word_1_160' title='bbox 295 2333 387 2420; x_wconf 86' lang='grc' dir='ltr'><strong>αύεῆν</strong></span> <span class='ocrx_word' id='word_1_161' title='bbox 404 2335 540 2402; x_wconf 80' lang='grc' dir='ltr'><strong>όνταύθα</strong></span> <span class='ocrx_word' id='word_1_162' title='bbox 554 2340 796 2422; x_wconf 82' lang='grc' dir='ltr'><strong>παραγενίσθαι,</strong></span> <span class='ocrx_word' id='word_1_163' title='bbox 817 2341 872 2400; x_wconf 88' lang='grc' dir='ltr'><strong>καί</strong></span> <span class='ocrx_word' id='word_1_164' title='bbox 894 2337 922 2402; x_wconf 76' lang='grc' dir='ltr'><strong>εἰ</strong></span> <span class='ocrx_word' id='word_1_165' title='bbox 942 2337 989 2401; x_wconf 85' lang='grc' dir='ltr'><strong>όεί</strong></span> <span class='ocrx_word' id='word_1_166' title='bbox 1004 2340 1243 2422; x_wconf 75' lang='grc' dir='ltr'><strong>συγχωρηθῆναι</strong></span> <span class='ocrx_word' id='word_1_167' title='bbox 1258 2334 1316 2402; x_wconf 85' lang='grc' dir='ltr'><strong>αύ-</strong></span> 
     </span>
     <span class='ocr_line' id='line_1_19' title="bbox 103 2451 1316 2541; baseline 0.002 -25"><span class='ocrx_word' id='word_1_168' title='bbox 103 2456 157 2516; x_wconf 88' lang='grc' dir='ltr'><strong>τόν</strong></span> <span class='ocrx_word' id='word_1_169' title='bbox 189 2451 318 2536; x_wconf 79' lang='grc' dir='ltr'><strong>όνεργεῐν</strong></span> <span class='ocrx_word' id='word_1_170' title='bbox 340 2458 379 2516; x_wconf 80' lang='grc' dir='ltr'><strong>τὰ</strong></span> <span class='ocrx_word' id='word_1_171' title='bbox 400 2463 454 2539; x_wconf 83' lang='grc' dir='ltr'><strong>τῆς</strong></span> <span class='ocrx_word' id='word_1_172' title='bbox 476 2453 712 2539; x_wconf 66' lang='grc' dir='ltr'><strong>ἀρχιερωσύνης</strong></span> <span class='ocrx_word' id='word_1_173' title='bbox 745 2459 851 2538; x_wconf 81' lang='grc' dir='ltr'><strong>μίχρις</strong></span> <span class='ocrx_word' id='word_1_174' title='bbox 873 2452 910 2520; x_wconf 78' lang='grc' dir='ltr'><strong>ἂν</strong></span> <span class='ocrx_word' id='word_1_175' title='bbox 932 2453 1068 2518; x_wconf 79' lang='grc' dir='ltr'><strong>όνταύθα</strong></span> <span class='ocrx_word' id='word_1_176' title='bbox 1098 2459 1316 2541; x_wconf 84' lang='grc' dir='ltr'><strong>παραγίνηται·</strong></span> 
     </span>
     <span class='ocr_line' id='line_1_20' title="bbox 103 2569 1318 2658; baseline 0 -22"><span class='ocrx_word' id='word_1_177' title='bbox 103 2575 182 2655; x_wconf 86' lang='grc' dir='ltr'><strong>πρός</strong></span> <span class='ocrx_word' id='word_1_178' title='bbox 203 2579 299 2634; x_wconf 79' lang='grc' dir='ltr'><strong>ταῦτα</strong></span> <span class='ocrx_word' id='word_1_179' title='bbox 320 2569 512 2658; x_wconf 74' lang='grc' dir='ltr'><strong>ἀπεφήναντο</strong></span> <span class='ocrx_word' id='word_1_180' title='bbox 535 2571 564 2636; x_wconf 86' lang='grc' dir='ltr'><strong>οἱ</strong></span> <span class='ocrx_word' id='word_1_181' title='bbox 578 2572 735 2657; x_wconf 77' lang='grc' dir='ltr'><strong>ἱεράτατοι</strong></span> <span class='ocrx_word' id='word_1_182' title='bbox 749 2569 911 2658; x_wconf 72' lang='grc' dir='ltr'><strong>ἀρχιερεῖς,</strong></span> <span class='ocrx_word' id='word_1_183' title='bbox 933 2571 1208 2656; x_wconf 74' lang='grc' dir='ltr'><strong>ύπιβεβαιύσαντος</strong></span> <span class='ocrx_word' id='word_1_184' title='bbox 1222 2582 1318 2637; x_wconf 79' lang='grc' dir='ltr'><strong>ταῦτα</strong></span> 
     </span>
     <span class='ocr_line' id='line_1_21' title="bbox 104 2687 1318 2776; baseline 0.002 -22"><span class='ocrx_word' id='word_1_185' title='bbox 104 2687 231 2772; x_wconf 71' lang='grc' dir='ltr'><strong>ὕστερον</strong></span> <span class='ocrx_word' id='word_1_186' title='bbox 253 2695 307 2754; x_wconf 86' lang='grc' dir='ltr'><strong>καί</strong></span> <span class='ocrx_word' id='word_1_187' title='bbox 329 2699 383 2754; x_wconf 86' lang='grc' dir='ltr'><strong>τοῦ</strong></span> <span class='ocrx_word' id='word_1_188' title='bbox 404 2693 636 2770; x_wconf 86' lang='grc' dir='ltr'><strong>παναγιωτάτοο</strong></span> <span class='ocrx_word' id='word_1_189' title='bbox 657 2688 743 2776; x_wconf 73' lang='grc' dir='ltr'><strong>ἡμῶν</strong></span> <span class='ocrx_word' id='word_1_190' title='bbox 764 2691 923 2768; x_wconf 82' lang='grc' dir='ltr'><strong>όεσπότοο,</strong></span> <span class='ocrx_word' id='word_1_191' title='bbox 946 2699 999 2754; x_wconf 83' lang='grc' dir='ltr'><strong>τού</strong></span> <span class='ocrx_word' id='word_1_192' title='bbox 1022 2690 1234 2775; x_wconf 78' lang='grc' dir='ltr'><strong>οὶκουμενικού</strong></span> <span class='ocrx_word' id='word_1_193' title='bbox 1255 2713 1318 2757; x_wconf 85' lang='grc' dir='ltr'><strong>πα·</strong></span> 
     </span>
     <span class='ocr_line' id='line_1_22' title="bbox 103 2801 1319 2894; baseline 0.003 -24"><span class='ocrx_word' id='word_1_194' title='bbox 103 2810 265 2891; x_wconf 85' lang='grc' dir='ltr'><strong>τριάρχου,</strong></span> <span class='ocrx_word' id='word_1_195' title='bbox 287 2805 334 2872; x_wconf 82' lang='grc' dir='ltr'><strong>ότι</strong></span> <span class='ocrx_word' id='word_1_196' title='bbox 356 2813 395 2872; x_wconf 76' lang='grc' dir='ltr'><strong>τό</strong></span> <span class='ocrx_word' id='word_1_197' title='bbox 415 2812 471 2892; x_wconf 81' lang='grc' dir='ltr'><strong>μίν</strong></span> <span class='ocrx_word' id='word_1_198' title='bbox 493 2807 674 2894; x_wconf 78' lang='grc' dir='ltr'><strong>όγκλῆματα</strong></span> <span class='ocrx_word' id='word_1_199' title='bbox 695 2816 791 2872; x_wconf 78' lang='grc' dir='ltr'><strong>ταῦτα</strong></span> <span class='ocrx_word' id='word_1_200' title='bbox 810 2801 1140 2892; x_wconf 74' lang='grc' dir='ltr'><strong>καθαίρεσινόἰποιιτεί</strong></span> <span class='ocrx_word' id='word_1_201' title='bbox 1166 2817 1219 2872; x_wconf 80' lang='grc' dir='ltr'><strong>τοῦ</strong></span> <span class='ocrx_word' id='word_1_202' title='bbox 1242 2809 1319 2892; x_wconf 79' lang='grc' dir='ltr'><strong>Χρι-</strong></span> 
     </span>
     <span class='ocr_line' id='line_1_23' title="bbox 108 2925 1320 3012; baseline 0 -22"><span class='ocrx_word' id='word_1_203' title='bbox 108 2927 359 3002; x_wconf 82' lang='grc' dir='ltr'><strong>στιανουπόλεως,</strong></span> <span class='ocrx_word' id='word_1_204' title='bbox 374 2935 499 2991; x_wconf 80' lang='grc' dir='ltr'><strong>τοιαῦτα</strong></span> <span class='ocrx_word' id='word_1_205' title='bbox 512 2931 724 3012; x_wconf 88' lang='grc' dir='ltr'><strong>πεποιηκότος·</strong></span> <span class='ocrx_word' id='word_1_206' title='bbox 740 2929 792 2992; x_wconf 75' lang='grc' dir='ltr'><strong>διὰ</strong></span> <span class='ocrx_word' id='word_1_207' title='bbox 806 2929 841 2990; x_wconf 80' lang='grc' dir='ltr'><strong>όί</strong></span> <span class='ocrx_word' id='word_1_208' title='bbox 857 2929 1086 3009; x_wconf 84' lang='grc' dir='ltr'><strong>ουγκατάβασιν</strong></span> <span class='ocrx_word' id='word_1_209' title='bbox 1105 2933 1159 2990; x_wconf 89' lang='grc' dir='ltr'><strong>καί</strong></span> <span class='ocrx_word' id='word_1_210' title='bbox 1174 2925 1221 2992; x_wconf 82' lang='grc' dir='ltr'><strong>ὅτι</strong></span> <span class='ocrx_word' id='word_1_211' title='bbox 1236 2927 1320 2991; x_wconf 78' lang='grc' dir='ltr'><strong>άπελν</strong></span> 
     </span>
     <span class='ocr_line' id='line_1_24' title="bbox 109 3043 1330 3130; baseline -0.001 -22"><span class='ocrx_word' id='word_1_212' title='bbox 109 3043 209 3116; x_wconf 83' lang='grc' dir='ltr'><strong>οόύείς</strong></span> <span class='ocrx_word' id='word_1_213' title='bbox 230 3046 481 3122; x_wconf 74' lang='grc' dir='ltr'><strong>καταδικάζεται,</strong></span> <span class='ocrx_word' id='word_1_214' title='bbox 515 3045 594 3110; x_wconf 78' lang='grc' dir='ltr'><strong>όστω</strong></span> <span class='ocrx_word' id='word_1_215' title='bbox 616 3050 890 3130; x_wconf 78' lang='grc' dir='ltr'><strong>σογκεχωρημόνος</strong></span> <span class='ocrx_word' id='word_1_216' title='bbox 912 3047 1072 3129; x_wconf 85' lang='grc' dir='ltr'><strong>ύιενεργείν</strong></span> <span class='ocrx_word' id='word_1_217' title='bbox 1096 3045 1259 3118; x_wconf 79' lang='grc' dir='ltr'><strong>ἀκωλύτως</strong></span> <span class='ocrx_word' id='word_1_218' title='bbox 1281 3051 1330 3110; x_wconf 81' lang='grc' dir='ltr'><strong>τά.</strong></span> 
     </span>
     <span class='ocr_line' id='line_1_25' title="bbox 109 3159 1369 3248; baseline 0 -22"><span class='ocrx_word' id='word_1_219' title='bbox 109 3171 163 3247; x_wconf 84' lang='grc' dir='ltr'><strong>τῆς</strong></span> <span class='ocrx_word' id='word_1_220' title='bbox 197 3161 441 3246; x_wconf 79' lang='grc' dir='ltr'><strong>ἀρχιερωσύνης,</strong></span> <span class='ocrx_word' id='word_1_221' title='bbox 471 3159 531 3234; x_wconf 76' lang='grc' dir='ltr'><strong>όως</strong></span> <span class='ocrx_word' id='word_1_222' title='bbox 563 3161 601 3226; x_wconf 79' lang='grc' dir='ltr'><strong>ἂν</strong></span> <span class='ocrx_word' id='word_1_223' title='bbox 623 3161 759 3226; x_wconf 77' lang='grc' dir='ltr'><strong>όνταύθα</strong></span> <span class='ocrx_word' id='word_1_224' title='bbox 788 3167 1007 3248; x_wconf 70' lang='grc' dir='ltr'><strong>παραγένηται.</strong></span> <span class='ocrx_word' id='word_1_225' title='bbox 1044 3161 1166 3247; x_wconf 80' lang='grc' dir='ltr'><strong>ίτάχθη</strong></span> <span class='ocrx_word' id='word_1_226' title='bbox 1199 3164 1234 3226; x_wconf 79' lang='grc' dir='ltr'><strong>θό</strong></span> <span class='ocrx_word' id='word_1_227' title='bbox 1267 3168 1321 3226; x_wconf 84' lang='grc' dir='ltr'><strong>καί</strong></span> <span class='ocrx_word' id='word_1_228' title='bbox 1367 3169 1369 3174; x_wconf 85' lang='grc'><strong>’</strong></span> 
     </span>
     <span class='ocr_line' id='line_1_26' title="bbox 109 3276 1321 3364; baseline 0 -20"><span class='ocrx_word' id='word_1_229' title='bbox 109 3289 211 3356; x_wconf 78' lang='grc' dir='ltr'><strong>τοῦτο,</strong></span> <span class='ocrx_word' id='word_1_230' title='bbox 234 3276 289 3355; x_wconf 75' lang='grc' dir='ltr'><strong>ύτι,</strong></span> <span class='ocrx_word' id='word_1_231' title='bbox 312 3280 340 3344; x_wconf 82' lang='grc' dir='ltr'><strong>εί</strong></span> <span class='ocrx_word' id='word_1_232' title='bbox 362 3283 416 3364; x_wconf 75' lang='grc' dir='ltr'><strong>μίν</strong></span> <span class='ocrx_word' id='word_1_233' title='bbox 438 3277 521 3352; x_wconf 66' lang='grc' dir='ltr'><strong>ἐντός</strong></span> <span class='ocrx_word' id='word_1_234' title='bbox 543 3289 596 3342; x_wconf 79' lang='grc' dir='ltr'><strong>τοῦ</strong></span> <span class='ocrx_word' id='word_1_235' title='bbox 619 3279 818 3363; x_wconf 78' lang='grc' dir='ltr'><strong>όλευσομόνου</strong></span> <span class='ocrx_word' id='word_1_236' title='bbox 841 3278 931 3364; x_wconf 80' lang='grc' dir='ltr'><strong>μαΐου</strong></span> <span class='ocrx_word' id='word_1_237' title='bbox 954 3282 1049 3364; x_wconf 87' lang='grc' dir='ltr'><strong>μηνός</strong></span> <span class='ocrx_word' id='word_1_238' title='bbox 1071 3280 1171 3357; x_wconf 79' lang='grc' dir='ltr'><strong>ύλθοι,</strong></span> <span class='ocrx_word' id='word_1_239' title='bbox 1194 3285 1321 3359; x_wconf 89' lang='grc' dir='ltr'><strong>γεγονό-</strong></span> 
     </span>
     <span class='ocr_line' id='line_1_27' title="bbox 111 3395 1325 3482; baseline 0.001 -22"><span class='ocrx_word' id='word_1_240' title='bbox 111 3419 171 3461; x_wconf 88' lang='grc' dir='ltr'><strong>τεεν</strong></span> <span class='ocrx_word' id='word_1_241' title='bbox 202 3399 277 3480; x_wconf 89' lang='grc' dir='ltr'><strong>πρύς</strong></span> <span class='ocrx_word' id='word_1_242' title='bbox 300 3395 424 3461; x_wconf 75' lang='grc' dir='ltr'><strong>ὶκεῐνον</strong></span> <span class='ocrx_word' id='word_1_243' title='bbox 442 3407 530 3481; x_wconf 76' lang='grc' dir='ltr'><strong>τριῶν</strong></span> <span class='ocrx_word' id='word_1_244' title='bbox 557 3401 752 3482; x_wconf 84' lang='grc' dir='ltr'><strong>μηνυμάτων,</strong></span> <span class='ocrx_word' id='word_1_245' title='bbox 785 3401 904 3480; x_wconf 82' lang='grc' dir='ltr'><strong>πρύεου</strong></span> <span class='ocrx_word' id='word_1_246' title='bbox 926 3401 980 3480; x_wconf 78' lang='grc' dir='ltr'><strong>μὲν</strong></span> <span class='ocrx_word' id='word_1_247' title='bbox 1003 3396 1063 3462; x_wconf 82' lang='grc' dir='ltr'><strong>ἀπὸ</strong></span> <span class='ocrx_word' id='word_1_248' title='bbox 1095 3407 1153 3460; x_wconf 78' lang='grc' dir='ltr'><strong>τῶν</strong></span> <span class='ocrx_word' id='word_1_249' title='bbox 1187 3397 1325 3462; x_wconf 66' lang='grc' dir='ltr'><strong>ἐνταῦθα</strong></span> 
     </span>
     <span class='ocr_line' id='line_1_28' title="bbox 112 3515 1324 3601; baseline -0.002 -21"><span class='ocrx_word' id='word_1_250' title='bbox 112 3519 165 3580; x_wconf 79' lang='grc' dir='ltr'><strong>διὰ</strong></span> <span class='ocrx_word' id='word_1_251' title='bbox 187 3517 288 3598; x_wconf 86' lang='grc' dir='ltr'><strong>τιμίας</strong></span> <span class='ocrx_word' id='word_1_252' title='bbox 320 3525 438 3601; x_wconf 78' lang='grc' dir='ltr'><strong>γραφῆς</strong></span> <span class='ocrx_word' id='word_1_253' title='bbox 461 3525 513 3579; x_wconf 85' lang='grc' dir='ltr'><strong>τού</strong></span> <span class='ocrx_word' id='word_1_254' title='bbox 534 3519 765 3596; x_wconf 85' lang='grc' dir='ltr'><strong>παναγιωτάτοο</strong></span> <span class='ocrx_word' id='word_1_255' title='bbox 786 3517 934 3580; x_wconf 86' lang='grc' dir='ltr'><strong>όεσπότοο</strong></span> <span class='ocrx_word' id='word_1_256' title='bbox 955 3517 1052 3600; x_wconf 74' lang='grc' dir='ltr'><strong>ἡμῶν,</strong></span> <span class='ocrx_word' id='word_1_257' title='bbox 1075 3523 1127 3578; x_wconf 83' lang='grc' dir='ltr'><strong>τοῦ</strong></span> <span class='ocrx_word' id='word_1_258' title='bbox 1150 3515 1324 3598; x_wconf 77' lang='grc' dir='ltr'><strong>οὶκουμενι-</strong></span> 
     </span>
     <span class='ocr_line' id='line_1_29' title="bbox 111 3631 1324 3717; baseline 0 -21"><span class='ocrx_word' id='word_1_259' title='bbox 111 3641 171 3696; x_wconf 82' lang='grc' dir='ltr'><strong>κού</strong></span> <span class='ocrx_word' id='word_1_260' title='bbox 202 3635 407 3717; x_wconf 86' lang='grc' dir='ltr'><strong>πατριάρχου,</strong></span> <span class='ocrx_word' id='word_1_261' title='bbox 441 3635 582 3717; x_wconf 80' lang='grc' dir='ltr'><strong>ύευτίροο</strong></span> <span class='ocrx_word' id='word_1_262' title='bbox 604 3635 639 3697; x_wconf 79' lang='grc' dir='ltr'><strong>δὲ</strong></span> <span class='ocrx_word' id='word_1_263' title='bbox 660 3637 715 3698; x_wconf 83' lang='grc' dir='ltr'><strong>καὶ</strong></span> <span class='ocrx_word' id='word_1_264' title='bbox 736 3640 837 3716; x_wconf 90' lang='grc' dir='ltr'><strong>τρίτου</strong></span> <span class='ocrx_word' id='word_1_265' title='bbox 859 3635 911 3697; x_wconf 84' lang='grc' dir='ltr'><strong>όιᾰ</strong></span> <span class='ocrx_word' id='word_1_266' title='bbox 936 3643 994 3698; x_wconf 78' lang='grc' dir='ltr'><strong>τῶν</strong></span> <span class='ocrx_word' id='word_1_267' title='bbox 1016 3632 1183 3717; x_wconf 83' lang='grc' dir='ltr'><strong>ἱερωτάτεεν</strong></span> <span class='ocrx_word' id='word_1_268' title='bbox 1216 3631 1324 3717; x_wconf 82' lang='grc' dir='ltr'><strong>ἀρχιε-</strong></span> 
     </span>
     <span class='ocr_line' id='line_1_30' title="bbox 115 3748 1324 3837; baseline 0 -23"><span class='ocrx_word' id='word_1_269' title='bbox 115 3758 200 3835; x_wconf 81' lang='grc' dir='ltr'><strong>ρίων,</strong></span> <span class='ocrx_word' id='word_1_270' title='bbox 222 3760 275 3816; x_wconf 81' lang='grc' dir='ltr'><strong>τού</strong></span> <span class='ocrx_word' id='word_1_271' title='bbox 290 3773 322 3814; x_wconf 90' lang='grc' dir='ltr'><strong>τε</strong></span> <span class='ocrx_word' id='word_1_272' title='bbox 336 3750 555 3834; x_wconf 82' lang='grc' dir='ltr'><strong>Μυνεμβαοίας</strong></span> <span class='ocrx_word' id='word_1_273' title='bbox 568 3757 623 3816; x_wconf 90' lang='grc' dir='ltr'><strong>καί</strong></span> <span class='ocrx_word' id='word_1_274' title='bbox 637 3762 690 3816; x_wconf 84' lang='grc' dir='ltr'><strong>τού</strong></span> <span class='ocrx_word' id='word_1_275' title='bbox 705 3753 965 3837; x_wconf 81' lang='grc' dir='ltr'><strong>Λακεδαιμονίας,</strong></span> <span class='ocrx_word' id='word_1_276' title='bbox 981 3748 1200 3835; x_wconf 84' lang='grc' dir='ltr'><strong>εύρισκομόνων</strong></span> <span class='ocrx_word' id='word_1_277' title='bbox 1215 3750 1324 3827; x_wconf 74' lang='grc' dir='ltr'><strong>όκεῖσε,</strong></span> 
     </span>
     <span class='ocr_line' id='line_1_31' title="bbox 115 3867 1326 3956; baseline 0.001 -25"><span class='ocrx_word' id='word_1_278' title='bbox 115 3871 185 3932; x_wconf 88' lang='grc' dir='ltr'><strong>τότε</strong></span> <span class='ocrx_word' id='word_1_279' title='bbox 220 3867 449 3953; x_wconf 77' lang='grc' dir='ltr'><strong>ἀπολογήσεται</strong></span> <span class='ocrx_word' id='word_1_280' title='bbox 481 3871 657 3946; x_wconf 78' lang='grc' dir='ltr'><strong>συνοόικῶς,</strong></span> <span class='ocrx_word' id='word_1_281' title='bbox 690 3875 744 3934; x_wconf 85' lang='grc' dir='ltr'><strong>καί</strong></span> <span class='ocrx_word' id='word_1_282' title='bbox 777 3873 939 3956; x_wconf 85' lang='grc' dir='ltr'><strong>γενῆσεται</strong></span> <span class='ocrx_word' id='word_1_283' title='bbox 960 3872 995 3934; x_wconf 87' lang='grc' dir='ltr'><strong>τύ</strong></span> <span class='ocrx_word' id='word_1_284' title='bbox 1017 3880 1055 3954; x_wconf 75' lang='grc' dir='ltr'><strong>τῇ</strong></span> <span class='ocrx_word' id='word_1_285' title='bbox 1076 3871 1152 3952; x_wconf 74' lang='grc' dir='ltr'><strong>θείη</strong></span> <span class='ocrx_word' id='word_1_286' title='bbox 1171 3875 1225 3932; x_wconf 89' lang='grc' dir='ltr'><strong>καί</strong></span> <span class='ocrx_word' id='word_1_287' title='bbox 1258 3868 1326 3952; x_wconf 65' lang='grc' dir='ltr'><strong>ἱερᾷ</strong></span> 
     </span>
     <span class='ocr_line' id='line_1_32' title="bbox 118 3986 1327 4074; baseline -0.002 -21"><span class='ocrx_word' id='word_1_288' title='bbox 118 3987 236 4070; x_wconf 80' lang='grc' dir='ltr'><strong>σονόθιρ</strong></span> <span class='ocrx_word' id='word_1_289' title='bbox 257 3988 347 4061; x_wconf 71' lang='grc' dir='ltr'><strong>δόξαν</strong></span> <span class='ocrx_word' id='word_1_290' title='bbox 369 3999 548 4060; x_wconf 74' lang='grc' dir='ltr'><strong>κοινωνικῶς·</strong></span> <span class='ocrx_word' id='word_1_291' title='bbox 571 3989 719 4052; x_wconf 74' lang='grc' dir='ltr'><strong>εἰδότων</strong></span> <span class='ocrx_word' id='word_1_292' title='bbox 736 3992 916 4074; x_wconf 82' lang='grc' dir='ltr'><strong>μηνυμάτων</strong></span> <span class='ocrx_word' id='word_1_293' title='bbox 938 3989 1116 4066; x_wconf 86' lang='grc' dir='ltr'><strong>γεγονότων,</strong></span> <span class='ocrx_word' id='word_1_294' title='bbox 1140 3986 1181 4060; x_wconf 79' lang='grc' dir='ltr'><strong>ὣς</strong></span> <span class='ocrx_word' id='word_1_295' title='bbox 1194 3988 1327 4072; x_wconf 78' lang='grc' dir='ltr'><strong>εἴρηται,</strong></span> 
     </span>
     <span class='ocr_line' id='line_1_33' title="bbox 118 4103 1329 4192; baseline -0.003 -22"><span class='ocrx_word' id='word_1_296' title='bbox 118 4112 171 4170; x_wconf 87' lang='grc' dir='ltr'><strong>καί</strong></span> <span class='ocrx_word' id='word_1_297' title='bbox 194 4115 248 4190; x_wconf 84' lang='grc' dir='ltr'><strong>τῆς</strong></span> <span class='ocrx_word' id='word_1_298' title='bbox 270 4110 464 4192; x_wconf 73' lang='grc' dir='ltr'><strong>τεταγμένηςΙ</strong></span> <span class='ocrx_word' id='word_1_299' title='bbox 477 4109 599 4188; x_wconf 82' lang='grc' dir='ltr'><strong>όιωρίας</strong></span> <span class='ocrx_word' id='word_1_300' title='bbox 623 4108 838 4191; x_wconf 89' lang='grc' dir='ltr'><strong>παρελθούσης</strong></span> <span class='ocrx_word' id='word_1_301' title='bbox 866 4103 923 4170; x_wconf 84' lang='grc' dir='ltr'><strong>οόκ</strong></span> <span class='ocrx_word' id='word_1_302' title='bbox 957 4105 1061 4182; x_wconf 71' lang='grc' dir='ltr'><strong>ἔλθοι,</strong></span> <span class='ocrx_word' id='word_1_303' title='bbox 1094 4109 1162 4169; x_wconf 88' lang='grc' dir='ltr'><strong>τότε</strong></span> <span class='ocrx_word' id='word_1_304' title='bbox 1193 4103 1244 4168; x_wconf 81' lang='grc' dir='ltr'><strong>ἵνα</strong></span> <span class='ocrx_word' id='word_1_305' title='bbox 1276 4109 1329 4168; x_wconf 86' lang='grc' dir='ltr'><strong>καί</strong></span> 
     </span>
    </p>
   </div>
   <div class='ocr_carea' id='block_1_3' title="bbox 120 4219 1329 4430">
    <p class='ocr_par' dir='ltr' id='par_1_3' title="bbox 120 4219 1329 4430">
     <span class='ocr_line' id='line_1_34' title="bbox 120 4219 1329 4311; baseline -0.005 -20"><span class='ocrx_word' id='word_1_306' title='bbox 120 4227 205 4292; x_wconf 78' lang='grc' dir='ltr'><strong>ἀπὼν</strong></span> <span class='ocrx_word' id='word_1_307' title='bbox 237 4219 437 4309; x_wconf 81' lang='grc' dir='ltr'><strong>καθαιρῆται.</strong></span> <span class='ocrx_word' id='word_1_308' title='bbox 470 4225 522 4288; x_wconf 84' lang='grc' dir='ltr'><strong>όιύι</strong></span> <span class='ocrx_word' id='word_1_309' title='bbox 544 4233 640 4290; x_wconf 77' lang='grc' dir='ltr'><strong>ταῦτα</strong></span> <span class='ocrx_word' id='word_1_310' title='bbox 667 4227 848 4311; x_wconf 81' lang='grc' dir='ltr'><strong>ίνίγραπται</strong></span> <span class='ocrx_word' id='word_1_311' title='bbox 870 4233 965 4290; x_wconf 80' lang='grc' dir='ltr'><strong>ταῦτα</strong></span> <span class='ocrx_word' id='word_1_312' title='bbox 987 4227 1028 4310; x_wconf 76' lang='grc' dir='ltr'><strong>τῷ</strong></span> <span class='ocrx_word' id='word_1_313' title='bbox 1047 4231 1172 4311; x_wconf 82' lang='grc' dir='ltr'><strong>παρόντι</strong></span> <span class='ocrx_word' id='word_1_314' title='bbox 1194 4226 1329 4307; x_wconf 78' lang='grc' dir='ltr'><strong>κωθικίφ</strong></span> 
     </span>
     <span class='ocr_line' id='line_1_35' title="bbox 121 4335 1288 4430; baseline -0.002 -22"><span class='ocrx_word' id='word_1_315' title='bbox 121 4348 316 4430; x_wconf 77' lang='grc' dir='ltr'><strong>σημειώσεως</strong></span> <span class='ocrx_word' id='word_1_316' title='bbox 339 4345 437 4427; x_wconf 89' lang='grc' dir='ltr'><strong>χάριν,</strong></span> <span class='ocrx_word' id='word_1_317' title='bbox 462 4343 565 4428; x_wconf 84' lang='grc' dir='ltr'><strong>μηνὶ</strong></span> <span class='ocrx_word' id='word_1_318' title='bbox 597 4344 818 4428; x_wconf 82' lang='grc' dir='ltr'><strong>νοεμβρίερ</strong></span> <span class='ocrx_word' id='word_1_319' title='bbox 851 4345 927 4407; x_wconf 83' lang='grc' dir='ltr'><strong>ίνό.</strong></span> <span class='ocrx_word' id='word_1_320' title='bbox 962 4343 995 4416; x_wconf 89' lang='grc' dir='ltr'><strong>ς’.</strong></span> <span class='ocrx_word' id='word_1_321' title='bbox 1284 4335 1288 4342; x_wconf 72' lang='grc'><strong><em>’</em></strong></span> 
     </span>
    </p>
   </div>
   <div class='ocr_carea' id='block_1_4' title="bbox 0 0 1652 5270">
    <p class='ocr_par' dir='ltr' id='par_1_4' title="bbox 0 0 1652 5270">
     <span class='ocr_line' id='line_1_36' title="bbox 0 0 1652 5270; baseline 0 0"><span class='ocrx_word' id='word_1_322' title='bbox 0 0 1652 5270; x_wconf 95' lang='lat' dir='ltr'><strong> </strong></span> 
     </span>
    </p>
   </div>
  </div>
 </body>
</html>
