3314 5266
105 494 186 575 πρὸς
218 493 272 576 τῆν
303 488 389 576 ἡμῶν
422 493 605 576 μετριότητα
627 489 697 574 αἴπη
720 497 809 554 τούτο
832 493 888 553 ταί
913 487 1060 572 ιἰπούαίξη
1094 489 1146 552 ύιὰ
1168 492 1336 574 μαρτύρων.

110 609 197 674 ἀλλὰ
218 615 273 674 ταί
294 619 348 692 τῆς
369 611 496 692 ύιορόας
518 610 630 693 ταύτης
649 607 871 693 παρελθούσης
893 605 1005 692 ὁμοίως
1027 603 1065 690 ῆν
1080 605 1197 690 ύύηλον
1218 611 1253 673 τύ
1268 609 1338 674 κατ’

114 726 221 804 αύτύν,
246 729 378 813 μηδενός
399 730 543 806 λόγοντός
564 749 606 804 τι,
639 736 693 792 τού
713 729 750 792 όί
771 729 948 812 ααλοηῆροο
963 736 1017 811 τῆς
1037 722 1123 810 ἡμῶν
1146 733 1343 814 μετριότητος

114 849 235 933 δεῆσαν
258 845 402 911 ἀπελθεῖν
424 847 469 919 τίς
490 849 525 914 τό
539 844 651 925 Ἀτιον
664 846 759 931 Ὄρος
780 850 835 911 ταί
857 845 1028 931 ἀναθείσης
1044 842 1128 928 αύτιρ
1149 849 1261 933 ταύτης
1283 852 1338 935 τῆν

113 971 185 1050 περί
205 968 312 1030 τούτου
334 964 480 1041 ἰξίτασιν,
503 963 569 1029 ίταί
591 967 741 1040 σονύξεως
763 969 929 1050 ηανομίνης
951 963 983 1028 ίν
1005 975 1042 1048 τῆ
1065 963 1136 1048 ἱαρη
1151 963 1262 1051 Λαύρα
1282 967 1339 1032 ταὶ

112 1087 237 1147 πάντων
259 1083 492 1167 ἀπαιτηθίντων
525 1084 578 1146 διὰ
600 1093 722 1170 γραφῆς
743 1079 894 1168 ἡμετίρας
917 1081 1041 1156 ἐξαιτεῖν
1063 1079 1136 1146 ύσον
1159 1087 1342 1161 γινύσιιουσι

113 1201 186 1266 κατ’
209 1199 302 1266 αύτοό
323 1206 358 1266 τύ
380 1204 518 1278 σύνολον,
541 1201 693 1288 ἆναροραί
713 1206 788 1286 πρὸς
809 1204 863 1286 τῆν
885 1199 970 1286 ἡμῶν
993 1205 1176 1287 μετριότητα
1200 1209 1338 1288 αίμτον-

115 1343 170 1384 ται
202 1329 256 1384 τού
289 1343 322 1384 τα
347 1323 529 1406 τιμιωτάτου
560 1323 802 1406 ααθηγυυμίνου
822 1329 877 1405 τῆς
898 1319 982 1404 ἱερός
1001 1319 1130 1414 Λαύρας
1150 1327 1205 1386 καί
1226 1323 1339 1389 λοιπῶν

117 1439 287 1517 ἀξιολόγων
309 1439 488 1524 ἀνθρώπων,
510 1438 699 1526 ἀνίητλητον
721 1443 772 1504 τόν
795 1439 957 1524 ἄνθρωπον
979 1446 1261 1524 μαρτυρούσαι,τιαί
1277 1465 1340 1528 μη-

116 1557 227 1640 δαμῶς
260 1557 374 1622 εἱόίναι
396 1559 531 1632 τούτους,
553 1562 582 1620 τί
602 1560 637 1621 τύ
658 1559 778 1621 αωλύον
801 1553 893 1622 αύτύν
915 1557 959 1630 εἰς
984 1556 1149 1644 ίαρωσύνην
1179 1562 1341 1646 προβῆναι·

118 1675 228 1739 ἔπειτα
248 1681 303 1740 καί
322 1679 398 1760 πρός
419 1679 470 1739 τύν
491 1677 694 1760 πναοματιοιύν
716 1671 810 1740 αύτού
836 1680 954 1760 πατίρα
981 1674 1228 1762 ματᾎίτιτιμίοο
1260 1677 1341 1766 ἆρο-

118 1804 230 1880 ρισριού
252 1800 414 1881 ηραύάσης
435 1804 489 1880 τῆς
515 1793 601 1880 ἡμῶν
628 1797 833 1881 μετριότητος,
856 1793 926 1860 ὥστ’
949 1793 1083 1873 ίίειττίν,
1117 1795 1176 1862 ύσα
1199 1802 1343 1876 γινύσπαι

118 1911 190 1976 αατ’
224 1909 327 1992 αύτοό,
361 1912 531 1999 ἀντέγραψα
562 1916 618 1978 ταί
639 1911 765 1991 ἱαεῖνος,
785 1917 841 1978 ααί
863 1911 923 1978 ὅσα
945 1913 1060 1991 ίλεταν,
1093 1912 1229 1988 ούόόλως
1260 1913 1342 2001 ἦσαν

120 2031 324 2116 ίμπούίζοντα
345 2039 450 2096 τοῦτον
472 2031 516 2104 είς
537 2031 699 2117 ἱερωσύνην
721 2030 909 2118 ἀναχθῆναι.
937 2035 1015 2114 μετὰ
1041 2041 1138 2097 ταῦτα
1161 2038 1260 2098 πάντα
1283 2041 1341 2121 ζη-

121 2155 220 2236 τῆαας
242 2147 331 2224 ούτος
352 2150 369 2216 ύ
390 2159 449 2235 υιύρ
463 2149 598 2236 Μωυσῆς
619 2149 911 2236 ίξορολογῆσασθαι
933 2159 970 2234 τῆ
991 2147 1077 2234 ἡμῶν
1096 2155 1268 2238 μετριότητι
1288 2158 1344 2218 οιαὶ

121 2271 223 2354 τυχόν
244 2279 299 2354 τῆς
321 2270 458 2353 όεῆσειις
479 2275 534 2333 ταί
556 2267 861 2354 ἱξομολοτησόμανος
887 2266 1017 2345 ἅπαντα,
1039 2265 1099 2333 ύσα
1122 2265 1203 2355 αὐτῷι
1222 2275 1342 2356 τίτρα-

122 2409 197 2451 τιται
217 2389 391 2464 παιδιόθεν,
414 2384 503 2451 ούύίν
525 2386 606 2450 εἱπτν
628 2383 679 2471 ἀφ’
701 2383 743 2450 ύν
758 2386 1008 2470 ίξομολοηῆσατο
1026 2395 1085 2448 τόν
1099 2387 1276 2452 καλούντων
1291 2391 1345 2474 τῆν
1381 2467 1386 2476 ¹

124 2503 299 2588 ἱερωσύνην.
321 2505 373 2567 ύιὰ
394 2513 491 2568 ταύτα
513 2507 547 2567 τό
568 2506 665 2586 παρόν
687 2501 865 2567 ἀπολύουσα
880 2503 1071 2581 σιηιλλιύὶτς
1093 2508 1222 2588 ’ίΡύμμα
1242 2501 1263 2590 ἡ
1287 2527 1343 2589 ρα-

124 2627 245 2708 τριύτης
266 2623 352 2709 ῆμιόν
375 2623 443 2707 ύχει
465 2619 555 2686 αύτύν
579 2622 745 2686 ἀνεύθυνον
768 2625 943 2706 πάντη-οιαὶ
966 2618 1259 2705 ἀνίητλητον,ύοτε
1281 2645 1345 2710 μη-

125 2741 179 2803 ύίν
201 2735 286 2822 αὐτῷ
300 2737 610 2824 ίρτοόελνηενίσθαι
631 2741 705 2822 πρὸς
726 2740 779 2823 τῆν
802 2736 974 2822 ἱερωσύνην,
997 2735 1040 2810 ὡς
1053 2740 1114 2801 ύιύι
1132 2713 1255 2804 πολλῶν
1277 2739 1345 2816 ,ἱξε-

127 2861 296 2944 τασθαίσνμ
329 2867 384 2944 τῆς
404 2857 473 2924 κατ’
496 2856 587 2922 αύτύν
613 2856 790 2930 ύποθύσεως
814 2862 869 2921 καί
901 2859 1032 2942 μηόανύς
1064 2855 1256 2932 ίλλείποντος
1288 2869 1347 2923 τόν

126 2981 255 3040 δεόντων
278 2983 445 3054 γαγονίναι,
468 2976 546 3042 ύστα
569 2977 757 3061 ἀνίηιιλητον
780 2973 945 3061 εύρεθῆναι
959 2980 1014 3039 ταί
1028 2979 1181 3061 καθαρόν·
1205 2975 1255 3042 ύτε
1271 2979 1357 3062 θεῆ-Ι

127 3117 176 3160 σαι
197 3105 373 3178 τοιγαροῦν,
394 3099 448 3158 ταί
470 3098 631 3178 ηανῆσαται
659 3101 765 3178 χρεία,
791 3095 1088 3178 χειροτονηθῆσεται
1110 3093 1273 3168 ἀκωλύτως
1294 3099 1350 3160 καὶ

128 3213 367 3297 ἀντμπούίστως,
387 3217 472 3295 παρὰ
494 3214 626 3297 μηόενύς
641 3210 788 3295 αύρίσαων
807 3213 861 3296 τῆν
876 3219 1029 3294 τοχούσαν
1045 3213 1248 3297 ύιανόχλησιν.
1272 3233 1348 3291 σογ-

129 3342 223 3416 χωραί
244 3331 279 3396 at
302 3327 394 3395 αύτύν
415 3328 435 3416 ῆ
459 3334 618 3415 μετριότης
640 3327 725 3415 ἡμῶν
747 3329 802 3394 ταὶ
821 3329 866 3402 τίς
888 3327 964 3414 ύπερ
987 3326 1065 3415 αύτῆ
1080 3330 1348 3416 ἱξωμολογῆσατο,

129 3449 219 3514 ἅτινα
251 3446 308 3513 ούιι
330 3447 367 3534 ῆν
381 3449 536 3533 ’λμπόόιον
559 3449 602 3521 τίς
624 3447 796 3533 ἱερωσύνην,
818 3452 874 3512 οιαὶ
894 3446 1058 3533 ίττύχεται
1086 3445 1167 3532 αύτῷ
1198 3454 1350 3534 σωτηρίαν

129 3571 261 3653 ψοχιειῆν
282 3573 337 3633 καί
359 3567 517 3642 ἄλλοπαν
540 3566 672 3646 ἀγαθόν.
696 3569 804 3632 τούτου
819 3571 879 3650 γὰρ
894 3571 984 3651 χάριν
1000 3567 1184 3632 ἁτολίλοται
1207 3565 1289 3652 αύτῷ
1309 3568 1350 3651 όῆ

129 3689 171 3772 τῷ
201 3689 407 3774 ύιαληρθίντι
437 3696 495 3770 πύρ
515 3685 638 3752 Μωυσεῖ
663 3691 718 3751 οιαὶ
740 3689 774 3750 τύ
801 3688 900 3769 ταρύν
923 3685 1113 3762 σιγιλλιιῑνόες
1135 3687 1262 3769 γράμμα
1295 3693 1350 3770 τῆς

129 3804 216 3892 ἡμῶν
244 3811 439 3890 μετριότητος
470 3809 585 3886 ηατὰ
622 3815 734 3889 μῆνα
767 3809 902 3890 μύιον
934 3813 1009 3888 τῆς
1037 3801 1349 3889 ’ἱνισταριίνης

132 3924 330 4009 ύβύόμης
376 3923 674 4002 ὶνόιτιτιῶνας
718 3931 791 3986 τού
835 3921 1251 4004 ἱεατισχιλιοστού
1294 3945 1350 3986 ωο

133 4043 332 4125 ἑβδόμου
369 4043 499 4113 ίτους
529 4044 558 4118 †.

217 4159 376 4242 ῒΕὶχτ
413 4163 488 4222 ειαὶ
521 4159 595 4222 ύιύ
631 4163 785 4240 τιμίας
818 4167 1164 4242 τατριαρχιτῆς
1197 4161 1356 4242 χειρύς

132 4281 198 4343 τό·
241 4277 495 4351 Φιλόθαος,
536 4275 645 4358 ἰλέιρ
686 4279 794 4340 θεού
836 4273 1204 4356 ἀρχιεπίσειοτος
1243 4275 1355 4340 Κων-

134 4389 999 4476 σταντινοοπόλαως,ΝὲαςῬιόμης,οιαὶ
1025 4392 1356 4477 οἱοιουμενιειύς

133 4515 422 4596 πατριάρχης
459 4514 487 4587 ρ
