3258 5282
1220 315 1280 380 419

77 489 285 574 ολκουμενικού
307 493 504 574 πατριάρχου,
526 493 607 554 κατὰ
629 494 662 554 τύ
682 491 809 554 δυνατόν
830 485 918 574 αύτῷ,
941 489 1041 574 ὥσπερ
1063 495 1141 579 δῆτα
1155 501 1208 558 καί
1230 503 1280 574 γί-

76 627 156 670 νεται
179 607 250 691 παρῗ
277 606 380 682 αὐτού,
405 613 459 686 καί
483 605 519 670 ού
547 611 607 692 χρη
633 612 898 692 παρρησιάζεσθαι
925 619 1021 672 ταῦτα
1047 615 1100 674 καί
1126 618 1279 678 κινεισθαι

78 725 113 788 δι’
136 725 207 788 ὅλου
231 726 262 789 έν
283 738 320 810 τῇ
342 729 415 806 θεία
436 729 490 787 καί
511 725 579 808 ἱερᾷ
600 727 729 810 συνόδιρ·
753 726 779 788 εὶ
799 725 826 787 δ’
846 727 919 798 ἴσως
938 728 1019 812 ἔλθῃ
1042 729 1087 800 τίς
1109 729 1278 814 ἀδυναμίαν

77 853 127 906 τού
148 853 244 907 ταύτα
265 847 417 908 δύνασθαι
438 845 564 906 κωλύειν
588 844 629 915 είς
651 846 750 920 τέλος,
777 844 827 906 ἵνα
854 849 977 930 γένηται
1004 849 1038 908 τύ
1065 845 1202 910 έλλιῐπον
1224 859 1279 932 της

78 961 262 1046 ἐκδικήσεως
282 965 365 1044 παρὰ
386 971 439 1046 της
462 962 622 1046 βασιλικῆς
641 963 809 1046 δυνάμεως·
832 967 946 1044 στέργω
969 963 1002 1024 δέ
1024 969 1077 1026 καί
1100 967 1152 1048 την
1175 964 1278 1039 ἀπλώς

77 1085 238 1162 γενομένην
272 1079 431 1160 συνοδικήν
464 1083 656 1164 συγχώρησιν
688 1076 760 1160 ὑπὲρ
792 1089 844 1142 τού
877 1079 979 1161 ίερέως
1012 1091 1064 1142 τού
1089 1081 1279 1167 Μοιχητρίου.

76 1195 244 1278 δΒρύστως
267 1194 346 1256 εἶπεν
385 1191 431 1256 ὅτι
452 1201 532 1256 κατὰ
554 1207 610 1256 τών
634 1199 773 1258 τοιούτων
798 1194 1046 1280 ἀθεμιτυγαμιών
1067 1203 1121 1260 καί
1142 1202 1279 1276 πολυγα-

77 1324 148 1394 μιών
174 1311 317 1396 λπυίησεν
344 1311 361 1376 δ
388 1316 616 1389 παναγιώτατυς
640 1310 725 1396 ἡρών
751 1313 912 1396 δεσπότης,
941 1313 957 1377 δ
984 1313 1193 1396 υίκουμενικύς
1218 1337 1280 1378 πα-

76 1435 229 1514 τριάρχης,
251 1427 324 1492 ὅσον
347 1429 412 1491 ἔδει
434 1441 610 1504 κανονικώς,
634 1434 711 1512 μετὰ
731 1435 785 1492 καί
800 1439 853 1513 της
874 1430 962 1500 θείας
977 1435 1031 1493 καί
1046 1430 1128 1514 ἱερᾶς
1143 1435 1280 1510 συνόδου,

74 1549 293 1632 καίέπεξηλθε
309 1557 404 1622 ταῦτα
419 1545 576 1632 ίγγράφως
590 1547 645 1609 καί
660 1547 816 1632 ἀγράφως
836 1551 976 1629 περισσύν
992 1545 1044 1611 υύν
1059 1551 1144 1612 δυκιῐ
1157 1557 1213 1612 καί
1226 1550 1282 1614 υύκ

78 1665 211 1742 εύλυγον,
232 1664 284 1726 ίνα
306 1677 445 1728 κινῶνται
467 1674 562 1727 ταύτα
585 1665 627 1734 είς
646 1666 699 1747 την
716 1665 849 1740 σύνοδον,
873 1663 913 1735 ώς
928 1668 1165 1747 προστρίβεσθαι
1180 1667 1282 1731 ίντεύ·

77 1787 130 1846 θεν
152 1780 236 1866 ύβριν
258 1787 311 1844 καί
333 1787 518 1864 κατηγορίαν
542 1792 579 1865 τῇ
602 1783 754 1864 έκκλησίφ
774 1785 864 1856 θεού,
893 1779 966 1864 ὅπερ
993 1781 1056 1844 λστί
1078 1783 1280 1850 ἀτοπώτατον.

79 1903 140 1984 ίχω
162 1903 196 1962 δέ
220 1905 405 1962 τὰτοιαῦτα
428 1898 562 1982 ἀθέμιτα
585 1904 760 1962 συνοικὲσια
782 1901 836 1960 καὶ
862 1899 931 1974 ἐγώ,
959 1902 1068 1972 καθώς
1093 1901 1161 1964 κατ’
1185 1901 1281 1966 αύεών

78 2018 104 2080 οἱ
123 2023 203 2080 θεῖοι
226 2021 279 2080 καί
302 2017 375 2098 ίερσί
396 2019 523 2086 κανόνες
545 2017 756 2098 διαγορεύουσι
777 2022 832 2078 καί
851 2015 867 2078 ί
883 2027 936 2100 της
952 2017 1088 2088 ένώσεως
1103 2023 1204 2101 τόμος,
1228 2026 1280 2084 καί

78 2134 130 2198 οόκ
152 2135 268 2206 ἄλλως·
292 2139 406 2216 στέργω
428 2137 462 2196 δὲ
483 2138 539 2196 καί
559 2137 592 2196 τύ
614 2137 730 2215 προβὰν
752 2144 806 2216 τῆς
829 2139 1050 2217 συγχωρήσεως
1066 2141 1193 2220 γράμμα
1208 2159 1280 2200 συν-

79 2256 185 2326 οδικώς
214 2252 274 2328 ἀπό
302 2255 496 2334 συμπαθείας
525 2249 597 2335 ύπέρ
626 2261 677 2315 τού
704 2251 805 2334 ἱερέως
833 2262 884 2314 τού
910 2251 1104 2336 Μαχητρίου,
1131 2257 1206 2340 πλὴν
1231 2255 1282 2318 ἵνα

79 2367 162 2432 οὐδὲν
181 2369 326 2452 ίερουργη
347 2367 367 2454 ἢ
387 2369 555 2454 έργυίζηταί
576 2392 604 2432 τι
626 2369 776 2452 ἱερατικὸν
802 2367 879 2438 ἀλως
902 2369 933 2430 έν
960 2368 1002 2450 τῷ
1027 2373 1195 2454 περιυνύμιρ
1217 2391 1280 2454 ναιρ

79 2499 128 2572 τῆς
150 2497 202 2550 τού
225 2491 304 2550 θευύ
327 2488 420 2562 λόγου
436 2487 558 2572 Συρίας,
582 2489 599 2548 ὃ
621 2489 789 2570 δηπάνιες
811 2485 840 2548 οἱ
863 2485 1000 2569 ἀνωτέρω
1016 2491 1280 2570 γνωματεύσαντες

80 2605 224 2690 ἀρχιερεῖς
248 2605 398 2687 ἔστερξαν.
423 2601 441 2665 ὁ
465 2603 762 2686 Χριστιανυυπόλεως
785 2605 877 2676 εἶπεν·
906 2609 943 2666 τὰ
969 2609 1036 2688 περὶ
1058 2615 1115 2666 τών
1137 2607 1279 2670 τοιούτων

80 2721 336 2806 ἀθεμιτογαμιών,
361 2721 424 2804 έχω
446 2729 541 2783 ταύτα
563 2727 617 2784 καί
640 2720 730 2792 αότός
749 2722 863 2804 αίσχρά
878 2726 931 2782 καί
952 2727 1046 2798 κακὰ,
1069 2718 1168 2804 ὥσπερ
1183 2729 1236 2786 καί
1252 2724 1282 2786 οἱ

80 2843 154 2902 θτίυι
168 2845 222 2902 καί
238 2839 312 2920 ίεροί
327 2843 453 2908 κανόνες
468 2841 520 2921 την
536 2843 634 2924 ψηφον
644 2845 714 2922 περί
729 2841 844 2901 τούτων.
854 2843 1063 2922 προφέρουσιν,
1080 2838 1160 2902 ἀλλὰ
1175 2841 1212 2924 δη
1227 2839 1282 2910 καὶ

81 2953 166 3040 ’στῆς
183 2957 324 3025 ’ένώσεως
347 2958 451 3038 τόμος·
475 2953 521 3017 ὅτι
543 2957 576 3017 δέ
592 2955 704 3036 ἔλαβον
726 2957 779 3038 τήν
795 2957 922 3038 δυνατὴν
937 2957 1102 3038 διόρθωσιν
1124 2960 1206 3038 παρὰ
1228 2966 1281 3018 τού

79 3077 303 3150 παναγιωτάτου
324 3070 408 3156 ἡμῶν
431 3077 588 3150 δεσπότου,
615 3083 668 3135 τού
696 3072 909 3155 οίκυυμενικού
934 3079 1135 3157 πατριάρχου,
1163 3078 1283 3157 καὶτῆς

80 3195 163 3262 θείας
184 3196 238 3253 καί
260 3191 343 3272 ίιρώς
366 3193 501 3265 συνόδου,
525 3189 612 3252 υύδέν
635 3212 687 3273 μοι
709 3193 793 3252 δοκεῖ
814 3195 1081 3274 παρρησιάζεσθαι
1103 3201 1207 3266 ταῦτα,
1230 3197 1282 3253 καί

80 3313 313 3393 προστρίβεσθαι
329 3307 469 3371 ἐντεῦθεν
485 3313 595 3392 μέμψιν
618 3320 654 3392 τη
678 3309 802 3389 συνόδιρ,
825 3307 866 3378 ώς
889 3305 924 3369 ού
939 3310 1070 3379 ιτελείως
1085 3311 1282 3390 διελύθησαν,

82 3425 156 3490 ἀλλὰ
170 3431 336 3514 φροντίζειν
358 3429 448 3508 μόνον
463 3428 513 3486 τύν
527 3429 755 3502 παναγιώτατυν
769 3421 854 3508 ἡμῶν
870 3427 1027 3508 δεσπότην,
1044 3429 1094 3486 τόν
1110 3425 1280 3507 οίκουμενι-

82 3549 131 3607 κόν
145 3550 344 3630 πατριάρχην,
366 3553 419 3625 τῆς
434 3547 647 3626 προσηκούσης
662 3545 865 3624 διορθώσεως,
881 3541 980 3624 ὥσπερ
995 3543 1072 3626 δῆτα
1087 3547 1140 3603 καί
1156 3540 1278 3626 λπυίηστ

82 3665 130 3726 καὶ
142 3679 229 3740 ποιεῖ,
251 3665 382 3744 Χριστού
404 3665 519 3744 χάριτι·
545 3666 658 3742 στέργω
681 3662 714 3720 δέ
729 3665 782 3720 καί
798 3662 850 3741 την
867 3656 938 3742 ύπέρ
954 3669 1006 3720 τού
1023 3659 1124 3741 ἱερέως
1140 3668 1193 3720 τού
1207 3659 1273 3731 Μαι,

83 3791 202 3866 χητρίου
225 3787 389 3866 γενομένην
406 3781 571 3862 ’συνυδικην
600 3783 800 3862 συγχώρησιν,
823 3779 900 3860 πλὴν
923 3781 1030 3848 καθώς
1054 3777 1068 3840 ὁ
1092 3779 1239 3861 δεσπότης
1263 3776 1278 3840 ύ

82 3899 212 3982 Βρύστως
235 3901 467 3982 λγνωμάτευσεν.
490 3895 701 3980 δΚελτζηνῆς
724 3896 817 3958 εἶπεν
842 3893 886 3957 ὅτι
910 3905 1056 3980 συμφωνώ
1079 3899 1160 3957 κατὰ
1180 3900 1278 3956 πάντα

84 4020 119 4099 τῷ
138 4021 270 4101 δεσπότῃ
293 4017 333 4098 τιρ
356 4017 506 4097 Βρύσεως,
529 4019 582 4076 καί
609 4018 723 4096 στέργω
750 4017 787 4074 τὰ
813 4008 868 4074 ύπύ
896 4015 1002 4074 τούτου
1024 4015 1277 4094 γνωματευθέντα

84 4141 155 4197 κατὰ
176 4147 233 4197 τών
256 4133 519 4216 ἀθεμιτσγαμιών,
543 4130 622 4193 ἀλλὰ
648 4132 686 4214 δὴ
711 4135 765 4191 καί
787 4125 859 4208 ὑπὲρ
888 4137 940 4190 τού
963 4128 1065 4210 ἱερέως
1088 4137 1139 4190 τού
1161 4127 1275 4218 Μαχη-

84 4257 164 4332 τρίου.
188 4251 390 4326 δΣυυγδαίας
406 4246 568 4311 εἶπεν-δτι
591 4247 790 4330 στέργωντούς
813 4247 917 4313 θείους
939 4244 993 4306 καὶ
1015 4245 1111 4326 ἱερούς
1134 4247 1274 4314 κανόνας,

84 4369 217 4442 λέγοντας
239 4374 320 4432 κατὰ
334 4371 455 4440 τούτων,
478 4365 532 4428 καὶ
553 4367 644 4428 πλέον
668 4361 762 4426 υύδέν.
787 4359 944 4425 δῬωσίυυ
966 4361 1045 4423 εἶπε·
1067 4367 1179 4442 στέργω
1194 4365 1275 4421 κατὰ

85 4489 179 4562 πόντοι,
203 4487 244 4556 εἷς
268 4483 325 4548 ὅσα
349 4485 580 4566 ἐγνωμοίτευσαν
604 4481 740 4560 ἀνωτέρω
764 4479 792 4540 οἱ
816 4477 943 4563 ἀδελφοί
966 4500 1032 4559 μου,
1057 4477 1085 4539 σί
1114 4476 1273 4558 ἀρχιερεῖς,

1026 4583 1057 4630 τι
