3314 5266
1290 335 1353 398 523

134 515 204 594 σου,
226 527 289 592 πῶς
309 529 404 590 ποιεῖς
425 525 521 590 ταῦτα
541 521 624 601 παρὰ
645 519 699 604 τήν
724 519 947 602 παρακέλευσιν
981 527 1038 583 τῶν
1069 520 1164 582 θείων
1185 522 1239 581 καί
1261 516 1349 601 ἱερῶν

133 640 283 701 κανίνιον.
304 637 358 699 διὰ
379 645 467 698 τοῦτο
485 639 538 700 καί
554 640 661 721 γράφει
674 642 729 700 καί
742 639 984 720 παρακτλιίιεταί
998 651 1057 712 σοι,
1078 635 1129 700 ίνα
1144 642 1238 720 χωρίς
1253 637 1350 713 λόγου

134 761 192 820 καί
222 760 404 842 προφάσιος
436 755 572 838 ἐκβάλης
599 753 658 819 ἀπὸ
680 765 733 820 τοῦ
756 757 903 842 ρελωνίοο
925 777 980 819 σου
1002 755 1071 826 τούς
1095 757 1252 838 σταυροιίς.
1284 766 1350 828 πῶς

134 879 197 958 γάρ
219 873 394 959 ἐτόλμησας
416 871 494 945 ὅλως
516 895 564 936 σοι
585 884 711 959 ποιήσαι
735 887 861 958 πράημα
886 878 1045 952 τοιοῦτον;’
1071 873 1176 936 ἔπειτα
1195 873 1247 936 ἵνα
1270 875 1351 958 ἐχης

132 996 191 1054 καί
221 993 275 1074 τήν
307 994 522 1075 προσήκουσαν
555 994 643 1074 τιμήν
674 994 729 1054 καί
761 987 897 1075 ὑπακοήν
919 995 972 1054 καί
994 987 1168 1054 εὐπείθειαν
1189 993 1264 1075 πρὸς
1297 993 1349 1054 τὸν

134 1109 299 1193 ἱερώτατον
321 1111 544 1194 μητροπολίτην
564 1109 685 1190 Κυέβου
706 1109 760 1172 καί
780 1108 881 1194 πάσης
901 1109 1031 1181 Ῥωσίας
1051 1109 1106 1174 καὶ
1126 1115 1200 1193 πρὸς
1221 1113 1272 1174 τὸν
1295 1106 1348 1173 τίο-4

136 1232 319 1304 γενέστατον
342 1233 438 1312 μέηαν
461 1224 553 1314 ῥήηα,
575 1231 630 1292 καί
652 1227 705 1292 ἐὰν
727 1231 859 1313 ποιήσης
881 1223 973 1304 οὕτω,
999 1230 1120 1312 μέλλεις
1145 1241 1245 1312 τυχεῖν
1276 1227 1349 1292 ἵλεω

133 1353 190 1426 της
211 1339 296 1428 ἡμῶν
319 1348 511 1430 μετριότητος
532 1349 586 1408 καί
608 1354 661 1428 τῆς
682 1349 773 1416 θείας
794 1350 848 1408 καί
870 1345 952 1430 ἱερᾶς
973 1350 1027 1408 καί
1050 1347 1186 1430 μεγάλης
1210 1349 1348 1422 συνόδου,

133 1466 190 1526 καί
212 1461 300 1527 ἐσται
322 1510 428 1528 .....
450 1467 505 1528 καί
527 1467 565 1528 τά
587 1461 721 1546 ἐπιτίμια
743 1467 941 1548 μετριώτερα·
964 1465 992 1527 τί
1006 1467 1040 1527 θλ
1056 1461 1091 1528 οὐ
1106 1468 1245 1548 ποιήσεις
1261 1461 1350 1540 οὕτω,
1406 1497 1408 1502 ·

130 1583 244 1652 καθείς
276 1602 326 1645 σοι
356 1576 637 1664 παρακελεύεταιὴ
665 1584 822 1665 μετριότης
842 1577 938 1666 ἡμῶν,
972 1584 1076 1666 μέλλει
1110 1587 1236 1666 γράψειν
1270 1579 1348 1666 αὕτη

129 1703 206 1783 πρὸς
227 1702 279 1763 τὸν
301 1701 524 1784 μητροπολίτην
547 1719 611 1773 σου,
623 1695 673 1761 ἵνα
696 1721 731 1761 σε
753 1703 881 1784 καθήρη
903 1700 959 1763 καὶ
979 1701 1062 1784 λάβη
1078 1702 1131 1785 τήν
1154 1699 1347 1784 ἀρχιερωσίι·

128 1829 186 1904 νἠν
208 1815 269 1882 ἀπὸ
291 1828 357 1882 σοῦ·
381 1817 444 1882 οίον
470 1826 543 1894 γοῦν
565 1841 615 1882 σοι
636 1823 775 1906 μαίνεται
795 1820 933 1894 κάλλιον,
961 1819 1059 1883 ἐκεῖνο
1081 1823 1136 1883 καὶ
1167 1824 1306 1904 ποίησον.
1328 1815 1348 1904 ή

129 1939 224 2020 χάρις
246 1943 300 1998 τοῦ
321 1938 400 2000 θεοῦ
421 1935 469 2019 εἴη
491 1940 568 2018 μετὰ
591 1945 646 2000 συθ
668 1941 697 2014 †.

216 2052 378 2138 ήΕίχε
409 2057 485 2116 καί
517 2055 589 2118 διὰ
625 2058 780 2137 τιμίας
815 2061 1153 2139 πατριαρχικής
1188 2056 1346 2138 χειρὸς

129 2173 197 2234 τὸ·
232 2177 335 2256 μηνί
365 2171 542 2256 ἐουνίιρ,
575 2172 653 2236 ἰνδ.
687 2171 715 2255 η’
745 2175 775 2249 †.

375 2358 571 2424 OCLXVIII.
595 2357 832 2436 (6878-1370)
846 2356 940 2421 iunio.
956 2305 1019 2421 ind.
1035 2357 1115 2421 VIII.

127 2497 304 2552 Ραίτίαταίια
318 2503 527 2554 ατοοννινιαιιίααί
544 2484 685 2569 principa
702 2503 832 2562 τιιτυέαυε,
856 2502 904 2570 φοί
921 2510 1018 2554 eontra
1031 2499 1215 2554 Limanorum
1233 2500 1345 2568 prinei-

502 2635 565 2688 ρευι
575 2619 673 2672 bellum
681 2621 776 2689 facero
790 2627 962 2676 recusarunt.

214 2765 236 2840 †
257 2759 341 2826 Ἐπεὶ
363 2761 391 2826 οἱ
412 2761 621 2840 εὐγενέστατοι
644 2759 736 2848 ῥήηες
757 2773 811 2848 τῆς
829 2763 957 2836 Ῥωσίας
980 2762 1201 2850 ὣμοροίνησαν
1213 2764 1345 2838 ἅπαντες

127 2882 183 2942 καί
204 2881 380 2955 συνέθεντο,
404 2877 515 2963 ὅρκους
536 2882 682 2966 φρικτυύς
703 2885 885 2965 ποιήσαντες
906 2884 960 2944 καί
981 2885 1032 2944 τὸν
1057 2881 1155 2966 τίμιον
1187 2888 1241 2946 καί
1264 2889 1344 2956 ζωο·

126 2999 216 3060 ποιὸν
249 3001 379 3079 σταυρὸν
413 2995 635 3080 ἀσπασάμενοι,
659 3003 735 3082 μετὰ
761 3007 813 3060 τοῦ
837 2993 1052 3076 τῦηενεστοίτου
1079 2981 1215 3083 μεηάλοά
1248 2997 1344 3086 ῥηγός

125 3117 231 3198 πάσης
251 3111 389 3188 Ῥωσίας,
411 3123 468 3195 κῦρ
494 3115 677 3198 Δημητρίου,
711 3113 751 3186 ὡς
778 3113 814 3178 ἂν
847 3115 977 3188 ἅπαντες
1003 3116 1079 3199 ἐμοῦ
1102 3117 1345 3200 ἐκστρατεύσωσι

125 3233 210 3293 κατὰ
231 3240 288 3292 τῶν
312 3228 477 3312 ἀλλοτρίων
499 3240 552 3314 τής
573 3229 723 3316 ἡμετέρας
743 3239 886 3309 πίστεως,
910 3244 967 3296 τῶν
983 3232 1112 3318 ἐχθρῶν
1138 3243 1190 3298 τοῦ
1213 3245 1344 3318 σταυροῦ

126 3359 186 3412 τῶν
210 3349 251 3431 μή
279 3351 477 3411 πιστευίντων
505 3348 548 3419 εἰς
570 3353 622 3412 τάν
643 3353 746 3433 κύριον
771 3348 856 3435 ήμῶν
878 3351 995 3436 Ἰησοῦν
1017 3353 1155 3435 Χριστὸν,
1180 3352 1261 3416 ἀλλὰ
1283 3355 1342 3416 λα-

126 3471 291 3552 τρεοὸντων
312 3471 367 3530 καί
388 3475 494 3538 κακῶς
515 3471 569 3530 καί
588 3467 691 3540 ἀθέως
713 3469 753 3552 τῷ
773 3474 850 3554 πυρί,
872 3476 927 3534 καί
949 3469 965 3532 ὁ
989 3475 1042 3554 μέν
1065 3475 1162 3553 μέγας
1185 3467 1239 3554 ῥήξ
1260 3477 1343 3536 κατά

124 3588 197 3658 τούς
220 3583 331 3669 ὅρκους
352 3589 407 3647 καί
428 3586 481 3668 τήν
504 3591 688 3670 συμφωνίαν,
710 3588 746 3672 ήν
768 3591 841 3670 πρὸς
864 3587 998 3659 ἐκείνους
1024 3587 1164 3673 ἐποίησε,
1187 3595 1343 3674 κατερρί-

124 3725 200 3790 νησε
232 3707 267 3767 δέ
290 3708 344 3767 καί
365 3713 419 3786 τής
442 3707 520 3786 ζωῆς
543 3700 650 3780 αὐτοῦ,
683 3712 902 3790 προτιμοτέραν
934 3710 1052 3770 πάντων
1085 3711 1196 3770 τούτων
1218 3707 1342 3794 ἡγησά-

124 3841 217 3904 μενος
238 3823 293 3904 τήν
315 3819 358 3891 τίς
379 3823 430 3883 τὸν
452 3823 527 3883 θεὸν
550 3820 671 3905 ἀγάπην
694 3828 747 3886 καί
770 3827 803 3886 τά
827 3821 908 3906 ὑπὲρ.
922 3821 1015 3887 αὐτοῦ
1037 3825 1180 3908 πολεμεῖν
1196 3831 1248 3890 καί
1271 3830 1342 3900 τοὺς

123 3937 262 4022 ἐχθροὺς
284 3935 378 4001 αὐτοῦ
400 3940 577 4022 μάχεσθαι,
609 3945 663 4002 καί
685 3937 881 4022 ἐτοιμασθείς
905 3941 1054 4026 ἐκάθητο,
1070 3947 1234 4024 περιμένων
1257 3943 1341 4007 ἐκεί-

123 4077 205 4131 νους,
228 4053 312 4118 οὖτοι
334 4057 379 4130 δέ,
394 4058 469 4138 μήτε
491 4041 542 4118 τὸν
564 4059 639 4118 θεὸν
662 4061 859 4142 φοβηθέντες,
873 4064 948 4142 μήτε
963 4062 1033 4130 τούς
1049 4057 1158 4142 ὅρκους
1175 4059 1340 4124 αἰδεσθέν-

122 4197 182 4250 τες,
206 4171 287 4237 ἀλλά
308 4177 501 4255 παραβάντες
524 4171 632 4246 αὐτούς
652 4196 683 4236 τε
705 4179 758 4238 καί
786 4181 836 4240 τὸν
859 4181 999 4259 σταυρὸν,
1021 4177 1054 4240 ὃν
1076 4176 1263 4262 ήοπάσαντο,
1287 4185 1341 4242 καί

122 4297 178 4364 τὰς
198 4295 275 4375 πρὸς
298 4291 451 4375 ἀλλήλους
474 4296 633 4375 συνθήκας
655 4299 710 4356 καί
733 4291 926 4376 ἀποσχέσεις,
950 4298 1059 4366 καθὼς
1083 4301 1137 4380 μέν
1160 4294 1337 4382 ὁπεσχέθη-

122 4428 190 4484 σαν,
214 4405 272 4472 οὐκ
296 4407 452 4492 ἐποίησαν,
474 4413 707 4493 προσετέθησαν
728 4411 762 4472 δέ
785 4413 902 4493 μᾶλλον
924 4412 965 4494 τῴ
991 4411 1095 4492 ἀσεβεῖ
1106 4411 1281 4495 Οὐργέλδιρ,
1305 4416 1340 4486 ὃς

121 4531 176 4591 καί
197 4526 395 4610 ἐκστρατείαν
417 4531 547 4610 ποιήσας
570 4531 651 4591 κατὰ
674 4537 725 4591 τοῦ
749 4533 884 4612 μεγάλου
907 4525 1010 4618 IIII&
1032 4533 1164 4603 πολλοὺς
1188 4544 1244 4594 τιον
1267 4555 1336 4616 χρι-
