3258 5282
340 297 401 357 4⁰2

338 487 391 541 του
413 479 491 540 θεοῦ
512 475 641 561 φυσιειὴν
664 473 828 556 ένέργειαν,
851 470 926 536 ὅθεν
941 475 1110 557 συμβαίνει,
1131 482 1188 557 πῦρ
1211 473 1287 537 εἶναι
1308 476 1363 559 την
1378 473 1490 540 οὑσίαν
1503 485 1549 541 τοῦ

335 601 414 662 θεοῦ
436 594 595 676 αἰσθητὸν.
622 593 706 669 λέγει
732 594 783 654 τὸν
808 595 884 654 θεὸν
910 589 1110 674 ὑπερκεῖσθαι
1136 601 1190 676 της
1217 591 1327 656 ἑαυτοῦ
1353 595 1550 677 δυνάμεωςέ
1611 567 1612 648 ὑ

336 723 390 780 τοῦ
412 709 563 795 Εὑνομίοο
585 709 664 774 έστίν
686 707 706 794 ἠ
729 709 852 792 αἵρεσις.
876 711 960 788 λέγει
982 712 1035 794 την
1057 710 1192 794 ἄναρχον
1212 709 1367 794 ένέργοιαν
1390 709 1551 799 ὑφοιμένην

335 845 390 920 της
411 835 530 920 φὺσοιος
552 829 713 912 ἀπειράκις
735 828 866 912 ἀπείρως
888 833 942 892 ιιαί
964 828 1113 915 έτοροφοα
1134 833 1188 892 παί
1210 828 1364 913 ἀνόμοιον,
1390 837 1446 894 καί
1471 831 1551 916 ἔντη

335 956 424 1040 φὺσοι
444 955 479 1014 τὸ
502 949 579 1013 εἶναι
606 948 703 1032 ἔχειν,
733 947 938 1012 ἀνυπόστατον
965 946 1061 1012 οὖσαν
1087 946 1162 1012 καθ’
1189 948 1298 1034 έαοιην
1324 954 1378 1013 ααί
1402 948 1551 1025 ἀνοὺσιον,
1612 938 1613 998 3

336 1071 420 1155 έχιιν
454 1069 488 1130 δέ
514 1069 606 1143 λόγον
633 1067 707 1148 πρὸς
734 1067 911 1149 τὴνφύσιν,
938 1065 972 1127 δν
999 1062 1016 1127 ὑ
1041 1064 1105 1136 οίὸς
1130 1068 1205 1148 πρὸς
1231 1069 1282 1129 τὸν
1302 1073 1426 1152 πατέρα
1447 1073 1502 1130 ιιαί
1522 1070 1552 1130 τὸ

330 1196 451 1268 πνεῦμα
477 1187 511 1246 τὸ
539 1181 641 1258 ἅγιον,
669 1189 757 1244 τοῦτο
788 1183 822 1244 θέ
855 1180 931 1244 καθ’
958 1182 989 1244 έν
1015 1186 1107 1265 μέρος
1132 1181 1252 1264 Ἀρείου
1277 1183 1332 1247 ειαὶ
1356 1183 1553 1248 Μαιιεθονίοο

333 1303 414 1368 ὶστίν
438 1301 565 1384 αἵρεσις,
586 1300 663 1363 καθ’
686 1300 788 1381 έτερον
810 1301 845 1362 δέ
868 1299 1036 1379 Σαβελλίοο
1058 1309 1111 1362 τοῦ
1126 1301 1251 1380 Λίβυος.
1267 1303 1351 1378 λέγοι
1372 1305 1449 1373 τοὺς
1472 1300 1553 1387 ὑφει-

333 1428 442 1507 μένους
463 1421 558 1490 θεοὺς
581 1419 711 1500 ένοργοίν
734 1423 772 1481 τὰ
792 1421 901 1494 πάντα,
924 1419 978 1501 την
999 1419 1034 1480 θέ
1056 1419 1146 1480 θείαν
1168 1419 1257 1502 φὺοιν
1274 1421 1368 1503 μηθέν
1383 1431 1449 1483 τῶν
1463 1417 1553 1482 ὄντοιν

332 1541 472 1622 ἰνιργοῐν,
496 1537 578 1600 ἀλλὰ
603 1539 886 1620 περιγογραμμένην
913 1535 990 1598 εἶναι
1016 1534 1106 1607 έιιιός
1132 1545 1186 1598 τοῦ
1211 1539 1333 1608 παντός.
1364 1539 1456 1615 λέγει
1493 1540 1554 1608 τοὺς

332 1656 510 1744 ὑφιεμένους
531 1655 637 1729 θεοὺς,
661 1659 847 1736 μετέχοντας
862 1663 920 1715 τῶν
947 1649 1111 1738 ὑφειμένον
1133 1656 1298 1737 θεοτητοιν,
1321 1653 1484 1738 ἀνάρχοος
1504 1659 1556 1718 τισί

330 1774 492 1846 ιἰιιτίστους
524 1777 579 1836 ιιαί
612 1771 729 1843 ιἰιὺίους
756 1773 909 1848 γίνεσθαι.
936 1773 1029 1848 λέγει,
1059 1768 1105 1834 ὅτι
1130 1769 1150 1856 ἡ
1178 1773 1290 1857 φοοιιιη
1322 1777 1377 1835 ααί
1400 1769 1554 1858 nemaeum

328 1894 465 1976 ένέργεια
487 1903 540 1956 τοῦ
561 1894 639 1954 θοοῦ
660 1895 751 1973 ιιοινη
773 1888 839 1953 ἔστι
859 1899 918 1952 τῶν
939 1911 973 1952 τε
997 1888 1135 1966 ἀγγέλων
1153 1893 1208 1954 ταί
1229 1900 1287 1954 τῶν
1303 1889 1489 1972 ἀνθρώπων,
1513 1890 1553 1962 εἰς

330 2010 474 2075 έντευθον
498 2010 698 2086 σονὺγοσθαι,
721 2012 775 2070 ναὶ
796 2009 850 2090 την
873 2003 979 2072 οὑσίαν
1001 2015 1054 2070 τοῦ
1070 2010 1148 2070 θεοῦ
1175 2009 1281 2092 ιιοινην
1307 2007 1397 2083 εἶναι,
1425 2007 1471 2072 ιὀν
1498 2013 1554 2091 γὰρ

329 2126 349 2214 ἡ
374 2129 521 2213 ένέργοια,
544 2131 646 2213 φασίν,
670 2125 734 2190 έστί
755 2129 853 2208 ιιοινη,
876 2128 988 2190 τοὺτιον
1009 2132 1064 2188 ιιαί
1085 2124 1105 2211 ἡ
1128 2123 1219 2189 οὑσία
1241 2131 1329 2210 ιιοινή
1352 2126 1447 2192 ἐστιν.
1471 2130 1556 2204 λέγει

325 2253 446 2332 ποίημα
467 2249 594 2332 φοοιιιόν
620 2249 675 2308 ιιαί
703 2243 792 2327 ἔργον
818 2248 873 2306 τισί
900 2243 1054 2327 ένέργημα
1080 2247 1131 2307 τὸν
1157 2243 1220 2308 οἱόν
1248 2252 1302 2306 τοῦ
1327 2247 1407 2308 θεοῦ
1434 2249 1493 2308 ααί
1519 2247 1551 2306 τό

325 2373 444 2446 πνεῦμα
477 2367 512 2426 τὸ
545 2361 648 2440 ἅγιον,
678 2358 824 2447 ὑφειμένα
850 2381 883 2422 το
909 2365 963 2422 τισί
993 2357 1208 2445 ὑποβεβηκότα
1233 2365 1288 2424 ιιαί
1313 2359 1468 2426 ίλιίττονα
1501 2369 1553 2424 τοῦ

324 2483 440 2564 πατρὸς
462 2485 517 2544 ααί
540 2478 691 2562 ἀλλήλοιν,
715 2485 805 2540 τοῦτο
827 2479 861 2540 δέ
885 2477 1005 2560 Ἀροίοο
1025 2483 1080 2540 οιαί
1094 2475 1255 2562 Εὑνομίου,
1274 2476 1477 2543 Μαιεθονίοο
1498 2482 1551 2541 ιιαί

325 2599 473 2662 πλείσταν
506 2596 608 2660 ἄλλων
635 2595 715 2660 έστίν
743 2594 911 2678 αίροτιιιιέν.
938 2597 1033 2672 λέγει,
1063 2593 1111 2658 ὑτι
1134 2591 1154 2679 ἡ
1181 2597 1256 2679 σὰρξ
1275 2597 1467 2683 προσείληφε
1500 2598 1552 2678 την

326 2714 490 2780 ὑπόστασιν
522 2723 576 2778 τοῦ
604 2717 682 2778 θοοῦ
708 2716 811 2790 λόγον,
833 2717 922 2776 τοῦτο
948 2713 982 2776 δέ
1009 2711 1179 2796 Νεστορίοο
1205 2711 1286 2776 έστὶν
1312 2711 1446 2795 αἵρεσις,
1476 2711 1551 2796 ὅπερ

323 2831 344 2918 ἡ
366 2837 451 2918 τρίτη
474 2831 697 2914 ἆνεθεμιίτισον
720 2831 858 2901 σὺνοθος.
880 2831 975 2908 λέγει,
998 2827 1093 2893 ὅτιτὸ
1120 2836 1214 2916 φανέν
1241 2829 1273 2894 έν
1300 2829 1377 2893 τίθει
1402 2852 1549 2915 ποριστι-

325 2961 380 3034 ρας
413 2960 466 3014 τοῦ
498 2955 604 3034 ειυρίου
637 2952 859 3032 βαπτιζομένου
895 2944 953 3011 οὑν
981 2945 1019 3031 ἠν
1054 2944 1074 3032 ἡ
1102 2950 1191 3033 φὺσις
1217 2952 1271 3010 καί
1297 2943 1465 3020 ὑπόστασις
1498 2957 1553 3012 τοῦ

326 3067 416 3145 ἁγίου
436 3070 607 3149 πνευματος
630 3067 824 3150 συμβολαίοις
848 3063 995 3148 ὁρωμένη,
1012 3063 1080 3128 ἁλλ’
1103 3063 1246 3137 ἀνοὺσιος
1269 3063 1415 3148 ένέργιια,
1438 3065 1484 3138 ὃς
1500 3067 1549 3129 έν·

196 3250 200 3258 ,
326 3187 436 3250 τεῦθον
459 3189 644 3268 συμβαίνειν,
668 3185 745 3248 εἶναι
766 3189 821 3247 καί
840 3187 891 3246 τὸν
907 3183 1038 3266 Χριστὸν
1061 3183 1201 3248 ἀνοὺσιον
1223 3183 1376 3266 ένέργειαν
1398 3191 1484 3248 κατὰ
1498 3187 1551 3268 την

328 3307 475 3387 θεέτητιι,
499 3306 534 3365 τὺ
555 3311 675 3384 πνεῦμα
691 3307 759 3385 γὰρ,
782 3307 872 3387 φησίν
887 3301 903 3366 ὑ
918 3301 1076 3384 Μιλιρθὺς,
1099 3313 1258 3385 συμπαρῆν
1272 3304 1313 3386 τῷ
1330 3301 1437 3386 ὑμοίιρ,
1461 3315 1554 3368 τοῦτο

328 3424 363 3484 δέ
386 3420 527 3484 Φυτινοῡ
549 3425 603 3482 ιιαί
624 3419 799 3503 Συρρονίοο
821 3424 876 3481 ιιαί
897 3417 1084 3499 Μαρκέλλου
1106 3418 1185 3482 έστίν
1211 3418 1335 3502 αἵρεσις.
1362 3423 1448 3496 λέγοι
1470 3421 1549 3484 ἆτο-

328 3541 504 3622 τολέσματα
526 3537 658 3620 ἄναρχα,
685 3534 726 3606 ὥς
752 3535 893 3600 έντευθεν
921 3547 1024 3600 πᾶσαν
1051 3539 1104 3619 την
1130 3543 1235 3600 ιιτίσιν
1254 3536 1391 3621 ἄναρχον
1418 3546 1550 3618 συναγο-

331 3659 423 3731 σθαι,
457 3653 530 3738 ὅπερ
562 3654 643 3718 έστίν
674 3652 845 3736 έλληνιιιίν.
876 3655 972 3729 λέγει,
1001 3651 1047 3716 ὅτι
1073 3657 1106 3716 τὸ
1133 3663 1186 3718 τοῦ
1217 3661 1324 3736 ιιορίου
1356 3659 1551 3740 τεθεαμένον

329 3783 429 3856 σῶμα,
452 3769 488 3836 οὑ
510 3773 875 3855 νῡνιμοταλαμβιίνομεν,
898 3769 989 3842 θείας
1005 3775 1156 3854 γινόμεθα
1178 3777 1317 3836 κοινωνοί
1338 3775 1468 3859 φὺσεεος,
1492 3772 1550 3858 οὑχ

330 3891 451 3966 ὑγιάζει
472 3895 528 3953 οιαὶ
548 3893 619 3954 θεοί
641 3889 743 3973 έποίνη
765 3886 784 3973 ἡ
808 3893 936 3972 θεὺτης,
963 3887 1028 3974 ἥτις
1050 3887 1177 3974 ἡγίασεν
1203 3889 1301 3954 έποῐνο
1329 3896 1362 3954 τὰ
1384 3899 1549 3978 προσηλο-

328 4011 387 4070 θίν
410 4005 441 4068 έν
463 4006 504 4088 τῷ
526 4007 653 4089 σταυρηῐ,
677 4004 744 4070 ἀλλ’
770 4004 786 4091 ἡ
810 4005 951 4076 ἀνοὺσιος
973 4011 1028 4070 καί
1051 4004 1205 4092 ὑφειμένη,
1228 4005 1372 4072 έντοὺθεν
1394 4007 1448 4072 οὑν
1471 4033 1548 4092 σομ-

332 4128 439 4208 βαίνει,
462 4123 565 4206 ἕτερον
588 4123 774 4188 εἶναιτοῦτο
797 4133 850 4186 τοῦ
872 4127 1124 4208 προσληφθέντος
1146 4127 1265 4188 έκείνοο
1287 4130 1474 4211 φυριίματος,
1496 4131 1550 4191 τιαί

331 4247 475 4327 ψεύσεται
498 4243 602 4304 λοιπὸν
625 4239 642 4303 θ
663 4245 768 4324 αὑριος
791 4243 920 4326 είρηιιιὺς
958 4246 1046 4306 τουτί
1070 4241 1134 4305 ἔστι
1149 4246 1183 4306 το*
1205 4253 1305 4326 σῶμα.
1327 4255 1463 4326 τρατᾶτο
1485 4251 1548 4310 τοί-

332 4383 383 4426 νυν
406 4366 440 4424 το·
463 4364 646 4446 βλάσφημον
669 4362 711 4433 είς
733 4363 785 4445 τὴν
808 4362 946 4447 κεφαλὴν
969 4371 1022 4426 τοῦ
1044 4369 1140 4424 ταῦτα
1164 4361 1320 4442 δυσσεβῶς
1346 4363 1547 4444 δογματίζον-

335 4501 395 4576 τφς.
419 4479 512 4556 λέγει,
537 4475 582 4544 ὅτι
605 4476 621 4541 ὑ
645 4488 697 4544 τοῦ
719 4481 796 4543 θεοῦ
818 4481 912 4556 λόγος
934 4481 1052 4564 φὺσειος
1076 4483 1158 4562 νέμιρ
1173 4479 1292 4565 έτέχθη
1315 4477 1351 4542 λιι
1373 4489 1428 4564 τῆς
1449 4485 1547 4546 πανα-
