3282 5270
515 549 735 616 ccxxxvss.
753 550 992 629 (6876-1368)
1006 550 1153 615 ianuario.
1170 550 1233 614 ind„
1249 550 1300 616 vl.

640 741 808 797 Ταόειίανίειε
822 743 955 798 Mas-ulae
969 744 1171 798 σοκάεσιαααεκ

384 954 500 1041 ’γΜηνί
513 954 687 1039 ίανοοαρίῳ,
704 957 755 1032 ιδ’,
771 953 871 1041 ήμίρα
885 962 981 1040 τρίτη,
1000 956 1056 1020 ίνδ.
1073 957 1109 1031 ς’,
1123 956 1365 1040 προκαθημένου
1384 961 1438 1016 τού
1452 952 1515 1015 πα-

301 1078 489 1153 ναγιωτάτοο
503 1071 589 1158 ἡμῶν
605 1077 764 1150 δεσπότου,
788 1083 842 1138 τοί
857 1075 1070 1158 οίκοωμινικσύ
1085 1077 1283 1158 πατριάρχου,
1306 1072 1344 1136 ὲν
1353 1083 1415 1144 τοῖς
1435 1072 1513 1136 κελ-

300 1194 377 1266 λίοις
400 1203 453 1279 τής
487 1195 624 1277 μεγάλης
652 1191 824 1278 ἁγιωσύνης
848 1191 940 1258 αύτού
963 1193 995 1256 ίν
1017 1207 1078 1265 τοῖς
1099 1195 1207 1267 δεξιοῖς
1228 1195 1515 1278 κατηχούμενείοις,

299 1311 551 1392 σονεδριαζόντον
574 1309 656 1396 αύτῷ
675 1317 730 1376 καί
746 1323 803 1375 τῶν
824 1305 992 1394 ίερωτάτων
1015 1311 1180 1396 ύρχιιρίων
1196 1315 1250 1374 καί
1265 1307 1444 1392 ύκερτίμων,
1461 1315 1516 1371 τού

298 1427 500 1512 Καισαρείας,
524 1439 577 1493 τού
599 1430 738 1517 Ἐφίσοω,
761 1441 814 1494 τού
835 1430 1026 1514 Ἡρακλείας,
1059 1439 1113 1501 τού
1135 1429 1349 1514 Χαλκηδόνος,
1381 1436 1435 1490 τού
1457 1426 1516 1492 Bt-

299 1550 398 1632 ῑύης,
413 1557 465 1610 τού
486 1547 639 1630 Βρύσεως,
664 1548 806 1634 ἐλαλήθη
827 1555 895 1634 περί
916 1559 969 1613 τού
993 1549 1041 1612 ἐπί
1062 1559 1121 1612 τῶν
1142 1549 1276 1632 δεήσεων
1301 1556 1356 1631 της
1378 1545 1515 1623 ἁγιωτά-

300 1685 355 1748 της
377 1675 430 1728 τού
454 1669 531 1729 θεοῦ
555 1669 692 1752 μεγάλης
724 1667 903 1752 ἐκκλησίας,
929 1677 982 1731 τού
1003 1667 1166 1751 Μαροολᾱ,
1200 1665 1246 1731 ὅτι
1273 1671 1386 1750 συνῆψε
1408 1669 1515 1747 κόριον

299 1783 374 1847 ὡσεί
397 1787 513 1868 χρόνων
537 1783 623 1861 ἑπτά,
646 1788 756 1859 καθύς
779 1786 795 1851 δ
818 1785 866 1850 ίπί
888 1798 945 1850 τῶν
967 1793 1094 1870 κρίσεων
1115 1797 1168 1872 της
1184 1787 1354 1868 ἁγιωτάτης
1377 1785 1518 1868 μεγάλης

230 1887 231 1890 ¹
298 1910 351 1966 τού
373 1905 451 1966 θεού
475 1901 644 1986 ἐκκλησίας
666 1904 813 1978 ίξετάσας
829 1904 1006 1990 ἀνήνεγκεν,
1030 1905 1115 1988 ἀνδρί
1130 1905 1182 1966 διὰ
1198 1913 1366 1986 σταορικύν
1381 1903 1516 1984 δεσμῶν,

298 2020 343 2092 είς
365 2018 438 2104 ὅπερ
469 2023 681 2106 προσκληθείς
702 2021 719 2086 ὁ
741 2024 961 2108 ταβοολλάριος
982 2025 1184 2106 πρεσβύτερος
1205 2019 1221 2083 ὁ
1243 2019 1424 2105 Ῥαδαρίτης
1444 2041 1517 2084 ποι-

297 2148 373 2223 ῆσαι
394 2144 448 2216 καί
462 2163 465 2169 ·
478 2137 569 2212 αύτύς
596 2145 759 2224 σταορικύν
781 2144 909 2226 δεσμόν,
944 2138 1000 2205 ούκ
1022 2139 1166 2225 ίθίλησε,
1199 2118 1234 2203 τύ
1266 2143 1371 2222 κόριον
1391 2137 1519 2221 ’ἄνηβον

295 2257 379 2333 ίδολν,
402 2260 513 2329 καθείς
533 2257 651 2330 ίκείνος
671 2263 748 2342 πρός
771 2261 825 2344 τήν
848 2258 932 2342 ἱεράν
953 2263 1008 2322 καί
1030 2261 1120 2321 θείαν
1144 2257 1249 2342 εἴρηκε
1265 2259 1401 2332 σύνοδον,
1423 2277 1520 2338 ταρι-

298 2379 450 2458 σταμίνοο
470 2381 526 2457 καί
548 2380 586 2440 τά
606 2377 655 2440 ίπί
668 2387 728 2440 τῶν
750 2379 894 2462 δεήσεων,
917 2381 972 2440 καί
994 2373 1184 2454 ύτιίγίνετο
1207 2373 1256 2440 ἐπί
1276 2377 1372 2456 τούτῳ
1394 2378 1451 2439 καί
1464 2371 1518 2438 εύ-

298 2495 443 2577 λόγησις,Ι
472 2495 681 2577 παρελθόντος
704 2498 781 2578 μετὰ
803 2495 874 2567 τούς
897 2495 1180 2578 σταορούςχρόνοο
1206 2494 1282 2567 ίνύς·
1315 2496 1391 2577 πρύς
1423 2501 1520 2564 ταῦτα

299 2611 492 2697 ἀπεφήναντο
516 2611 545 2676 οἱ
566 2611 723 2696 ίεριύτατοι
746 2612 918 2697 ιίιρχιερείς,ι
940 2611 987 2677 ὅτι
1020 2611 1140 2677 δίκαιόν
1162 2613 1228 2692 ίστι
1258 2615 1374 2676 παθεῖν
1399 2609 1522 2675 τύνίπί

298 2740 356 2794 τῶν
379 2731 522 2815 δεήσεων·
537 2736 683 2816 τιμωρίαν
704 2731 856 2817 μεγάλην,
881 2728 939 2794 ,ὅτι
960 2753 992 2793 τε
1016 2729 1051 2795 ού
1074 2743 1133 2794 τῶν
1148 2735 1299 2814 τυχόντων
1323 2730 1416 2806 ίστίν,
1435 2728 1522 2793 ύλλά

297 2851 351 2910 καί
373 2847 477 2931 ἄρχων
500 2859 553 2932 τῆς
576 2851 713 2932 μεγάλης
736 2847 919 2932 ἐκκλησίας,
944 2853 1002 2940 καί
1021 2847 1172 2920 πολλάκις
1203 2852 1351 2931 περὶτῶν
1374 2849 1519 2926 τοιούτων

299 2965 446 3050 ἀκηκοὼς
477 2971 563 3051 παρὰ
594 2977 647 3030 τού
679 2971 912 3044 παναγιωτάτοο
937 2964 1024 3051 ήμῶν
1045 2968 1204 3040 δεσπότου,
1227 2975 1282 3030 τού
1304 2965 1521 3048 οίκοορενικού

296 3088 515 3170 πατριάρχου,
534 3090 589 3150 καί
622 3084 689 3149 οίαν
712 3089 794 3149 κατά
816 3095 874 3148 τῶν
896 3089 934 3148 τὰ
959 3093 1088 3178 τοιαῦτα
1120 3087 1300 3169 τολμώντων
1332 3087 1386 3167 τήν
1418 3087 1521 3168 ψῆφον

300 3201 476 3288 δξήνεγκεν,
506 3202 529 3266 δ’
548 3208 613 3288 γὰρ.
630 3203 731 3281 είδολς,
759 3208 848 3290 φησί,
870 3207 912 3266 ’τύ
933 3205 1061 3288 θίλημα
1082 3213 1136 3267 τού
1157 3209 1263 3287 κορίοο
1286 3199 1379 3267 αύτού
1400 3205 1467 3265 καί·
1479 3202 1521 3286 μή

310 3333 404 3386 ποιων
427 3319 500 3385 αύτύ
523 3323 690 3407 δαρήσεται
710 3323 836 3398 πολλὰς,
858 3325 916 3385 καί
933 3319 982 3385 ὅτε
1003 3327 1057 3385 καί
1080 3319 1171 3394 αύτύς
1192 3323 1253 3405 τήν
1267 3319 1313 3385 ἐπί
1335 3321 1376 3406 τῷ
1397 3323 1526 3399 τοιούτῳ

311 3445 491 3522 σονοικεσίιρ
524 3442 673 3518 ἐξέδωκεν,
704 3439 865 3525 εύλόγησιν
891 3439 914 3504 δ’
929 3441 1000 3511 τούς
1022 3441 1169 3522 στασρούς
1190 3447 1317 3522 ποιήσαι
1338 3442 1373 3503 τύ
1399 3449 1525 3520 ,πρῶτον

309 3560 513 3643 τετολμηκώς.
536 3559 604 3642 περὶ
624 3561 660 3622 δὲ
681 3567 734 3623 τού
755 3559 875 3642 ποταπή
899 3557 986 3622 ἔσται
1005 3555 1025 3643 ή
1047 3565 1184 3642 τιμωρία,
1208 3557 1275 3620 οίαν
1295 3555 1533 3632 δπαναγωίτα-ι

309 3699 360 3749 τος
391 3673 478 3761 ἠρίον
500 3677 660 3762 δεσπότης,
684 3676 934 3760 δοίκοομενικύς
954 3680 1166 3761 πατριάρχης,
1183 3675 1274 3750 εἶπον,
1297 3675 1454 3756 διακρινεῖ.
1478 3672 1527 3737 ἐπί

308 3798 425 3867 τούτοις
447 3791 556 3873 διίγνω
588 3796 827 3878 καίδιωρίσατο
850 3793 867 3859 ὁ
887 3799 1119 3871 παναγιύτατος
1143 3793 1228 3879 ήμῶν
1250 3795 1412 3877 δεσπότης,
1435 3791 1524 3856 δαὶ-

306 3909 488 3996 κούμενικύς
508 3917 707 3998 παγριάρχης,
732 3911 884 3996 &M
911 3916 965 3996 μὲν
988 3911 1084 3994 ἀργὸς
1110 3921 1163 3975 τού
1188 3912 1434 3994 ταβοολλαρικού
1456 3913 1524 3976 λει-

306 4035 515 4115 τοοργήματος
537 4033 704 4106 παντελῶς,
729 4031 755 4116 η’
777 4031 810 4092 δὲ
830 4034 962 4114 καίτής
984 4027 1148 4114 ἱερωσύνης
1171 4029 1273 4113 ἀργός,
1288 4028 1347 4101 zo:
1370 4029 1408 4094 ἂν
1431 4030 1524 4100 αύτύε

304 4152 455 4234 διακρίνη,
468 4153 496 4228 †'.
569 4209 571 4212 .
