3314 5266
1294 337 1356 400 525

132 515 259 609 Κυέβου
278 529 334 590 καί
354 529 458 608 πάσης
480 521 619 600 Ῥωσίας,
643 522 674 585 ὲν
697 520 774 606 άγίιρ
796 524 942 605 πνεόματι
968 520 1280 608 ἀγαπητός-ἁδελφός
1302 531 1355 607 τῆς

133 644 222 730 ἡμῶν
256 649 452 731 μετριότητος
473 647 528 708 καί
561 643 806 726 συλλειτοοργός,
839 643 943 714 καλῶς
974 646 1028 704 καί
1050 642 1178 714 δικαίως
1212 645 1356 727 ποιήσας,

131 767 206 838 τοῦς
229 769 288 850 ’γάρ
309 772 437 828 τοιαῦτα
458 771 619 835 ποιοῦντας
640 767 695 825 οιαί
716 763 961 846 παραβαίνοντας
993 762 1064 834 τοῦς
1092 760 1202 846 ὅρκους
1223 767 1278 826 καί
1300 767 1356 835 τὰς

130 878 295 968 συνθήκας
317 881 416 948 αδτών
437 887 491 946 ναί
511 885 545 945 τό
568 883 687 968 φίλημα
710 889 762 944 τοῦ
785 888 936 964 σταυροῦ,
963 877 1064 963 ὥσπερ
1087 883 1163 944 θεοῦ
1186 879 1243 944 οὐκ
1266 879 1355 954 ὄντος

131 1009 292 1086 κρίνοντος
313 1007 351 1066 τά
373 1004 481 1066 δίκαια
502 1007 557 1065 ναί
579 1003 649 1072 τοῦς
671 1003 850 1083 παραβάτας
873 1009 1082 1083 τιμωροῦντος,
1105 1003 1229 1074 τούτους
1245 1007 1356 1085 ’πρέπει

131 1124 297 1206 τυγχάνειν
319 1127 465 1206 τιμωρίας
487 1125 542 1183 οιαί
563 1119 772 1204 ἐπιτιμήσεως·
795 1119 899 1189 οιαλώς
922 1113 973 1180 οὖν
996 1115 1139 1200 ἐποίησεν
1161 1117 1356 1205 δίτρώτατος

134 1239 362 1324 μητροπολίτης
394 1244 448 1302 καί
482 1237 617 1324 άρώρισέ
652 1259 697 1311 σε,
730 1239 799 1299 λίαν
833 1240 891 1318 γὰρ
914 1231 1062 1319 ἐποίησας
1084 1237 1161 1320 βαρδ
1183 1242 1266 1300 αατά
1298 1247 1352 1322 τῆς

132 1349 265 1430 πίστεώς
288 1379 344 1422 σου
366 1353 419 1422 καί
441 1365 493 1420 τοῦ
516 1364 749 1441 χριστιανισμοῦ
772 1375 841 1418 σου·
865 1353 932 1438 ἔχει
955 1377 990 1418 σε
1013 1353 1064 1418 οὖν
1080 1360 1134 1419 καί
1154 1351 1174 1440 ἡ
1198 1360 1355 1441 μετριότης

131 1474 220 1561 ἡμῶν
243 1477 295 1539 διὰ
317 1485 414 1540 ταῦτα
438 1473 657 1562 ἀφωρισμένον,
680 1472 722 1546 ώς
743 1485 848 1550 κακῶς
858 1477 1040 1558 ποιήσαντα,
1073 1477 1141 1537 τότε
1164 1475 1198 1538 δέ
1222 1477 1346 1560 μέλλεις

133 1605 236 1679 τυχεῖν
257 1593 326 1677 παρ’
349 1591 444 1678 αὐτῆς
468 1597 702 1677 σογχωρησεως,
726 1591 838 1656 όπόταν
859 1590 1114 1677 νοησης,όπόαον
1132 1597 1232 1656 κακόν
1247 1592 1356 1678 έποίη·

133 1735 201 1789 σας,
213 1717 268 1775 καί
290 1709 483 1795 ὑποστρέψης
504 1715 559 1774 καί
581 1713 776 1794 μετανοήσῃς
798 1714 929 1794 γνησίως
951 1715 1004 1772 καί
1022 1713 1173 1793 καθαρῶς
1188 1715 1243 1774 καί
1257 1712 1356 1790 ηλαό·

131 1853 192 1914 σης
215 1834 280 1893 ὀιαί
312 1827 492 1913 προσέλθῃς
524 1831 566 1912 τῷ
601 1830 809 1912 μητροπολίιη
833 1837 897 1903 σου,
925 1831 980 1890 ίιάί
1002 1831 1139 1910 ίητησης
1169 1826 1239 1912 παρ’
1259 1825 1356 1893 ,αὐτοῦ

131 1951 339 2032 συγχώρησιν,
362 1953 416 2009 καί
439 1951 541 2032 γράφη
565 1945 702 2010 ἐνταῦθα
722 1949 796 2029 πρός
818 1947 872 2028 την
893 1943 979 2029 ἡμῶν
1003 1949 1195 2030 μετριότητα.
1223 1951 1354 2025 γίνωσιιε

133 2065 187 2132 οὖν
221 2066 268 2138 δτι
291 2065 308 2132 ό
331 2065 501 2150 ἀφορισμός
523 2071 648 2150 χωρίζει
669 2069 720 2130 τόν
744 2063 905 2148 ἄνθρωπον
929 2063 988 2128 ἀπὸ
1011 2074 1064 2148 τῆς
1087 2063 1178 2143 ἁγίας
1200 2075 1253 2130 τοῦ
1275 2068 1355 2129 θεοῦ

132 2185 309 2270 δοιαλησίας
325 2189 380 2248 ναί
401 2186 557 2256 παντελῶς
581 2183 743 2267 άλλοτριοί,
756 2187 810 2245 καί
833 2186 867 2246 τό
890 2185 1042 2268 τεδνηοιὸς
1063 2179 1156 2247 αὐτοῦ
1179 2195 1278 2269 σῶμα,
1301 2193 1354 2248 τοῦ

133 2303 299 2388 ἀνθρώπου
320 2312 373 2374 τοῦ
396 2302 620 2390 άρωρισμὲνου,
655 2302 819 2368 ἀδιάλυτον
845 2307 928 2387 μένει
951 2302 994 2375 είς
1029 2303 1160 2388 ἔλεγχον
1182 2314 1235 2390 της
1257 2311 1354 2390 πονη-

133 2434 190 2508 ράς
212 2419 305 2487 αὐτοῦ
326 2425 470 2506 πράξεως.
494 2424 668 2487 σπούδασον
690 2424 795 2497 λοιπόν
818 2425 872 2485 καί
894 2421 1108 2508 ἐπιμελήθητι,
1127 2422 1178 2487 ἵνα
1200 2429 1355 2509 μετανοή-

132 2563 192 2624 σης
225 2546 371 2624 γνησίως,
404 2545 521 2624 νοήσας
554 2543 587 2602 τῦ
612 2542 738 2626 σφάλμα
761 2561 826 2615 σου,
853 2545 907 2603 καί
929 2539 1040 2604 ὁπόταν
1075 2547 1196 2625 γράψης
1218 2541 1354 2606 ἐνταῦθα

130 2659 188 2724 οιαὶ
211 2661 247 2722 οὐ
270 2665 326 2722 καί
351 2658 367 2723 δ
390 2662 624 2744 μητροπολίτης,
647 2659 701 2722 καί
735 2664 871 2744 ίητησης
904 2664 1106 2744 συγχώρησιν,
1130 2665 1197 2723 τότε
1231 2663 1354 2746 μέλλεις

132 2789 235 2863 τυχεῖν
257 2783 312 2841 καί
333 2783 416 2862 παρὰ
439 2789 493 2863 της
514 2775 601 2862 ἡμῶν
625 2784 818 2864 μετριότητος
842 2783 1067 2863 συγχωρήσεως
1090 2784 1143 2844 καί
1163 2781 1279 2854 λύσεως
1301 2791 1355 2845 τοῦ

132 2897 308 2982 άρυρισμοῦ
339 2905 393 2960 καί
416 2894 516 2981 εῦχών
539 2901 594 2960 ναί
616 2896 755 2974 ἐπαίνων,
777 2901 831 2960 καὶ
853 2902 921 2960 τότε
945 2899 1067 2982 μέλλεις
1088 2895 1184 2983 εὑρεῖν
1206 2903 1257 2964 τόν
1279 2903 1355 2964 θεόν

130 3015 231 3090 ἰλεωη
256 3013 302 3101 ἔφ’
326 3014 430 3098 οίσπερ
452 3015 495 3086 εἰς
519 3013 610 3079 αότῦν
633 3013 776 3100 ἥμαρτες,
811 3018 928 3101 βοηθόν
955 3022 1009 3080 καί
1035 3018 1080 3090 είς
1100 3019 1153 3103 την
1177 3017 1277 3104 ἀρχὴν
1299 3041 1355 3084 σου

133 3137 188 3196 καὶ
210 3133 253 3205 είς
275 3139 328 3216 την
352 3135 431 3216 ζωήν
454 3154 509 3196 σου
530 3137 561 3211 †.

219 3257 239 3332 †
270 3253 378 3336 Εἶχε
411 3257 488 3316 καί
521 3255 594 3316 διά
631 3260 786 3337 τιμίας
824 3267 1166 3342 πατριαρχινιῆς
1199 3259 1354 3342 χειρὸς

132 3377 198 3438 τό·
222 3375 327 3461 μηνὶ
358 3375 515 3458 ίουνίιρ
547 3374 614 3438 ίνδ
651 3375 679 3460 η’
711 3378 740 3453 †.

559 3562 717 3627 cohxx.
738 3561 814 3627 Sine
828 3583 917 3626 anno.

130 3704 307 3759 Ραίαίατσλα
330 3707 443 3761 statuit.
472 3707 660 3774 σρώιαοραίνπι
672 3704 824 3759 bananiae
836 3707 983 3760 ειώίοαίιιπε
996 3723 1053 3761 me
1069 3707 1210 3777 metropoli
1226 3706 1353 3766 kioviae.

217 3847 522 3928 ῒΦιλόῦεος,
557 3850 666 3932 έλέιρ
700 3853 810 3913 δεοῦ
844 3849 1209 3936 ἀρχιεπίσνιοπος
1241 3853 1355 3920 Κων-

133 3969 553 4044 σεατινοοπόλεως,
594 3967 709 4041 Νέας
750 3967 931 4054 Ῥώμης,
973 3975 1050 4034 καί
1092 3970 1355 4058 οίαουμενι.

131 4087 210 4157 κός
241 4091 529 4172 πατριάρχης
561 4091 590 4166 μ

216 4207 237 4281 †
261 4203 383 4269 Φδάνει
405 4211 459 4289 μέν
482 4203 501 4289 ἡ
526 4205 681 4289 άγιωτάτη
704 4203 853 4290 έπισνιοπη
876 4218 934 4269 τών
960 4205 1080 4288 Λιτβών
1102 4209 1223 4275 άνωδτν
1245 4219 1298 4277 καί
1322 4213 1354 4288 ἐξ

133 4323 233 4409 ἀρχῆς
266 4319 495 4409 ῦπατεταγμένη
528 4327 570 4408 τῷ
601 4325 752 4407 ίτρωτάτῳ
780 4326 989 4408 μητροπολίτη
1021 4325 1141 4410 Κυέβου
1174 4336 1229 4394 καί
1250 4337 1353 4418 πάσης

131 4440 274 4520 Ῥωσίας,
308 4439 355 4512 ὑπ’
379 4439 469 4509 αὐτόν
492 4449 546 4507 καί
568 4439 644 4527 αῦτη
668 4443 804 4506 τελοῦσα·
822 4448 876 4505 καί
902 4453 955 4528 τῆς
976 4445 1044 4510 κατ’
1078 4445 1169 4513 αὐτόν
1203 4451 1354 4536 ἐπαρχίας

130 4556 165 4624 οὖ
188 4565 296 4646 μιαρόν
318 4585 346 4626 τι
369 4565 461 4646 μέρος
483 4558 681 4645 ὑπάρχουσα,
709 4559 779 4644 παρ’
803 4559 895 4626 αὐτοῦ
919 4585 952 4625 τε
974 4569 1025 4628 τόν
1052 4569 1163 4630 οἰκεῖον
1187 4566 1352 4636 ἐπίσκοπον
