3282 5270
338 285 402 352 47⁰

339 471 392 536 διὰ
413 471 448 532 τύ
470 477 524 550 της
544 468 656 540 τάξεως
677 467 732 528 καί
754 461 856 549 ἀρχῆς
874 461 981 527 καλόν·
1003 471 1063 526 πάν
1085 467 1143 548 γάρ
1164 465 1199 526 τὸ
1219 465 1260 547 μὴ
1275 459 1465 548 ύπείκοναῷ
1484 465 1545 548 μεί·
1613 533 1614 550 2

340 593 404 662 ίονι
436 583 506 670 μηδ’
540 581 596 648 ύπό
629 583 726 668 ἀρχην
759 580 793 644 δν
830 580 888 646 ούκ
920 581 1053 646 ἄτακτον
1076 585 1167 664 μόνον
1188 586 1242 644 καί
1263 578 1469 667 ἀστάθμητον
1498 583 1545 645 καί
1613 559 1614 606 ³

340 702 509 784 ἀνώμαλον,
533 700 614 764 ἀλλὰ
635 703 689 764 καί
711 695 813 782 ῥᾷστα
833 699 1030 781 διολλύμενον
1056 700 1151 782 τύχης
1176 704 1350 782 περιπετεία
1363 704 1420 762 καί
1441 702 1546 784 χρόνου
1614 777 1615 786 ¹

340 819 430 904 φορά.
453 821 506 881 καί
528 817 566 900 δη
590 818 727 900 μεγάλης
748 815 803 878 καὶ
824 818 1009 898 θαύμασι-ης
1031 817 1148 898 φύσεος
1163 813 1307 896 βασιλεύς
1321 813 1440 887 όκείνος
1456 835 1545 898 μετα-

341 939 445 1020 λαχεύν
477 939 532 998 καί
553 931 631 997 οὕτω
653 932 831 1018 διανοηθεὶς
853 935 907 996 καί
926 933 1199 1013 καταπραξάμενος
1231 929 1315 1004 άξιον
1346 931 1477 1016 ίκρινεν,
1508 929 1546 1001 ε’νε

340 1052 472 1116 είθισται
494 1056 547 1114 καί
569 1055 756 1133 νενόμισται,
780 1051 890 1134 ταύτην
912 1050 950 1133 δη
973 1050 1027 1132 την
1050 1051 1222 1130 μετάθεσιν
1237 1052 1291 1110 καί
1305 1050 1475 1122 σονοδικῠς
1495 1069 1547 1112 κο·
1615 1080 1616 1092 ¹

340 1173 492 1254 ρειθῆνοιι·
526 1171 641 1252 χρόνων
674 1166 700 1229 δ’
734 1166 766 1240 δε
798 1166 916 1230 ίκείνου
942 1171 1033 1250 μίχρι
1054 1173 1104 1228 νόν
1127 1171 1358 1250 παρῳχηκότων
1380 1170 1475 1245 όγγύς
1495 1188 1548 1230 τοο
1615 1151 1616 1196 λ

340 1295 397 1347 τῶν
430 1283 622 1367 όγδυηκονια
644 1289 699 1347 καί
720 1277 874 1365 διαμίσεεν
906 1292 965 1346 τῶν
985 1284 1136 1346 τοσούτων
1158 1286 1275 1368 χρόνον
1296 1280 1331 1348 ού
1353 1285 1501 1348 πλειόνεεν
1528 1282 1547 1366 ἢ

340 1414 426 1486 τριῶν
450 1403 678 1486 μητροπολιτεεν
700 1404 975 1486 χειροτονηθίντιυν
1007 1403 1140 1464 καὶτῶν
1162 1405 1218 1484 μίν
1239 1402 1293 1464 δύο
1325 1403 1550 1487 κατειληφότων

341 1524 391 1584 τόν
413 1523 504 1583 τόπον
526 1523 580 1582 καί
602 1528 655 1602 τῆς
677 1517 890 1600 μητροπόλεως
905 1516 1141 1601 ύπετλημμόνενν,
1163 1521 1296 1602 θατόρυυ
1318 1519 1352 1582 δύ
1368 1518 1441 1602 μηδ’
1458 1518 1549 1584 άπελ·

340 1637 407 1699 θείν
430 1637 529 1698 ίκείσε
551 1635 754 1717 δεδυνημίνου
776 1635 828 1696 διὰ
849 1637 904 1706 τός
926 1634 1101 1719 ίπιφυείσας
1123 1645 1185 1706 τοίς
1207 1634 1273 1700 διιεῖ
1292 1639 1454 1719 πράγμασι
1467 1656 1549 1720 ιηει·
1616 1671 1617 1684 2

340 1762 440 1816 καύτα
461 1752 623 1834 συγχύσεις
644 1755 698 1813 καί
719 1754 922 1834 περιστάσεις,
944 1749 1025 1834 εἶχεν
1041 1747 1119 1813 ούτιι
1138 1755 1177 1815 τὰ
1197 1749 1265 1814 κατ’
1287 1751 1405 1816 ύκείνον
1425 1757 1478 1816 τόν
1500 1755 1550 1814 τό·

339 1887 395 1930 πον
428 1873 553 1950 γνησίου
576 1865 745 1948 ἀρχιερέως
767 1868 915 1940 καθάπαξ
936 1865 1166 1948 άτροστάεεοεα
1190 1867 1246 1931 καί
1271 1867 1457 1950 ἀπαίροντα
1490 1867 1550 1932 ὶπεί
1617 1852 1618 1896 ³

339 1982 366 2046 δ’
391 1983 509 2066 ἀρτίοις,
532 1985 632 2046 νεύσει
654 1987 740 2059 θεοῦ,
763 1994 800 2066 τῇ
823 1991 876 2045 τού
897 1987 1060 2065 κρατίστου
1081 1988 1136 2046 καί
1151 1983 1240 2063 άγίοο
1254 2006 1313 2068 μου
1328 1981 1550 2068 αὐτοκράτορος

341 2103 470 2184 θελήσει
491 2104 546 2162 καί
568 2099 711 2184 τὶτοδοχη
733 2104 787 2163 καί
809 2098 955 2182 ἀρεσκείᾳ
976 2099 1031 2164 καί
1052 2104 1159 2186 γνώμη
1191 2111 1246 2186 τῆς
1265 2107 1334 2185 περί
1355 2100 1440 2187 ἡμᾶς
1461 2108 1550 2172 θείας

340 2222 393 2279 καί
414 2216 497 2300 ἱιριίς
519 2215 574 2279 καὶ
595 2218 732 2300 μεγάλης
754 2216 882 2280 συνόδου
905 2215 1077 2300 ότανηλθεν
1099 2214 1192 2288 αύθις
1222 2216 1243 2303 η
1275 2223 1436 2303 μετριότης
1468 2217 1552 2304 ἡμῶν

340 2334 384 2405 εἰς
416 2337 467 2397 τόν
488 2337 707 2417 πατριαρχικόν
729 2335 851 2416 θρόνον,
878 2332 1105 2418 ἀναδεδεγμάνη
1132 2337 1186 2419 την
1207 2341 1265 2397 τόν
1298 2333 1376 2398 ὅλιιν
1397 2336 1551 2421 φροντίδα,

338 2451 459 2514 δίκαιον
480 2451 580 2534 ίκρινε
602 2457 656 2514 καί
676 2459 831 2534 προσηκον
852 2455 907 2514 καί
928 2453 1039 2533 ταύτης
1061 2452 1099 2535 δὴ
1122 2461 1176 2534 τῆς
1196 2450 1367 2534 ἁγιωτάτης
1382 2451 1551 2536 δκκλησίας

337 2571 621 2652 προμηθεύσασθαι
642 2572 696 2630 καί
717 2576 771 2632 τού
793 2567 856 2630 ύκεί
877 2573 1039 2653 φροντίσαι·
1060 2571 1270 2652 χριστεονύμοο
1301 2570 1392 2644 λαοῦ,
1426 2575 1482 2632 καί
1514 2571 1551 2652 δι’]

338 2687 391 2748 διὰ
422 2688 499 2748 πάνυ
520 2707 568 2748 τοι
588 2687 733 2768 πλείστης
754 2687 887 2770 σπουδῆς
909 2689 963 2748 καί
986 2686 1161 2769 ύπιμελείας
1181 2689 1311 2770 θεμίνη,
1344 2685 1425 2750 ὅστε
1457 2683 1551 2770 εύρείν

342 2802 440 2884 άνδρα
461 2803 626 2884 δυνάμενον
648 2803 795 2884 ποιμάναι
816 2805 867 2864 τόν
890 2811 943 2866 τού
965 2807 1069 2884 κυρίου
1095 2803 1171 2864 λαόν
1201 2806 1256 2865 καί
1287 2807 1326 2866 τὰ
1357 2801 1466 2890 εύγενη
1498 2809 1551 2868 καί

340 2917 484 3000 εἰλικρινῆ
507 2921 561 2979 καί
582 2921 710 2998 καθαρὰ
733 2926 785 2979 τού
808 2915 989 2995 εύαγγελίου
1011 2921 1170 3000 οτίρματα
1190 2924 1244 2982 καί
1269 2930 1327 2982 τόν
1352 2918 1456 3004 ύρθῶν
1477 2921 1551 2998 δογ-

340 3038 442 3118 μάτων
475 3047 538 3106 ταίς
559 3013 622 3096 Ιτόν
649 3033 816 3116 ἀνθρώπων
839 3033 1051 3097 λναποθίσθαι
1073 3039 1198 3119 ψυχαῖς,
1230 3037 1349 3122 πλάνην
1375 3059 1408 3100 τε
1431 3034 1550 3120 ῥιζοτο-

341 3161 437 3236 μησαι
469 3156 523 3214 ταί
554 3149 691 3234 λκιεμείν
712 3157 767 3214 καί
789 3154 841 3234 την
868 3152 911 3224 τίς
932 3151 1062 3234 Χριστόν
1094 3155 1145 3214 τόν
1177 3151 1326 3238 ἀληθινόν
1357 3157 1434 3218 θεόν
1466 3153 1552 3240 ἡμῶν

340 3279 524 3353 γεωργῆσαι,
546 3265 674 3362 εύρηκεν
697 3267 924 3351 ἁρμοδιώτατον
945 3273 1023 3330 πάνυ
1044 3274 1098 3330 καί
1113 3241 1380 3354 ’δπιτηδειότατοη
1405 3283 1443 3356 τῇ
1459 3269 1552 3336 αύτού

340 3395 393 3448 τού
414 3385 545 3468 Χριστοῦ
567 3389 684 3468 χάριτι,
718 3385 763 3454 τίς
785 3388 818 3446 τό
842 3389 921 3466 μέγα
947 3395 1034 3446 τούτο
1057 3389 1111 3448 καί
1133 3385 1335 3450 ἀποστολικύν
1358 3387 1479 3469 ἀξίωμα
1502 3393 1552 3451 καί

342 3506 555 3588 λειτούργημα,
579 3507 752 3588 ίητηθόντα
775 3503 829 3563 καὶ
852 3501 910 3565 ἀπὸ
934 3513 990 3564 τῶν
1013 3501 1076 3564 ἐκεί
1097 3508 1174 3586 μετὰ
1197 3507 1328 3590 σφοδρού
1355 3510 1409 3568 καί
1432 3511 1553 3576 ίίοντος

202 3673 210 3688 .
339 3624 450 3695 πόθου,
473 3625 523 3682 τόν
546 3621 577 3682 ἐν
600 3621 757 3702 μοναδικιρ
778 3623 832 3681 καί
854 3620 954 3702 σεμνιρ
975 3622 1016 3702 τῷ
1036 3623 1173 3703 σχήματι
1194 3622 1402 3704 διατρίψαντα
1424 3621 1462 3684 {a
1476 3627 1554 3686 πάνυ

340 3741 479 3807 ταινίας
500 3747 553 3820 της
575 3733 698 3820 ἡλικίας
720 3741 774 3798 καί
797 3735 942 3818 ἱερωσύνη
964 3742 1171 3820 τετιμημόνον,
1195 3736 1306 3822 ἀρετ-ης
1328 3759 1360 3800 τε
1381 3743 1439 3801 καί
1460 3735 1553 3802 εύλα·

343 3853 427 3932 βείας
448 3857 502 3914 καί
523 3861 576 3936 της
591 3856 672 3914 κατὰ
686 3854 762 3915 θτύν
775 3853 927 3924 πολιτείας
943 3850 1198 3936 ἀντιποιούμενον,
1219 3863 1304 3936 κύριν
1319 3854 1552 3934 Σεβαστειανδν,

342 3969 487 4051 συνυδικη
509 3978 668 4051 τοιγαροῦν
689 3969 858 4053 δοκιμασία
872 3973 925 4032 καί
941 3971 1065 4051 βασάνῳ
1078 3949 1314 4057 παραπεμφθιίς
1328 3975 1411 4033 κατὰ
1425 3973 1481 4056 την
1496 3983 1552 4036 τῶν

343 4089 436 4148 θείαν
457 4089 511 4147 καί
530 4085 614 4167 ἱερῶν
633 4090 768 4149 κανόνων
789 4085 898 4172 ἀκριβῆ
917 4091 1124 4172 παρατήρησιν
1144 4086 1303 4174 ύψηφίσθη
1320 4091 1376 4150 καί
1395 4085 1552 4170 λχειροτο·

343 4207 426 4286 νήθη
439 4200 526 4273 ούτος
539 4203 581 4273 τίς
592 4209 716 4289 γνήσιον
728 4203 874 4288 άρχιερόα
884 4203 1064 4268 Ἰιιαννίνυν
1077 4205 1131 4266 διά
1145 4226 1193 4267 τοι
1207 4213 1305 4280 τούτο,
1321 4215 1360 4290 τη
1376 4215 1429 4268 τοῦ
1446 4211 1551 4289 κρατί-

343 4341 417 4384 στου
437 4325 491 4383 καί
510 4317 599 4396 άγίυυ
618 4343 676 4403 μου
692 4319 915 4405 αὐτοκράτορος
930 4325 1038 4397 νεύσει,
1059 4317 1380 4407 σονδιασκεψαμάνηὴ
1397 4327 1552 4408 μετριότης

343 4435 428 4522 ἡμεδν
440 4451 501 4510 τυίς
512 4444 578 4521 περί
589 4437 681 4524 αὐτὴν
692 4439 864 4523 ἱερωτάτοις
875 4437 1052 4522 ἀρχιερούσι
1063 4443 1117 4502 καί
1128 4435 1313 4521 ύπερτίμοις,
1326 4437 1357 4502 δν
1370 4437 1448 4522 ἁγίῳ
1464 4443 1551 4504 πνεύ·
