3282 5270
1261 321 1319 383 481

98 515 245 598 μεγάλη,
278 502 513 596 εόεργειηθὲῖσα
533 511 589 594 ιτην
612 511 752 593 τοιαύτην
767 509 850 592 ἔχειν
867 504 1048 591 αὐτονομίαν
1069 502 1152 590 ταρά
1175 513 1229 569 τοῦ
1253 509 1319 569 τότε

96 633 385 716 πατριαρχεύοντος
406 632 458 692 διόι
480 629 691 706 σιγιλλιάδοος
713 631 901 712 γράμματος,
927 625 1134 711 ότηρτημίνυο
1155 622 1243 697 ὄντος
1258 617 1321 689 καί

100 753 224 835 βάρους
246 749 394 832 ίτιτιμίοο
416 749 467 810 διὰ
489 749 596 810 τούτου
617 749 707 809 κατὰ.
720 755 773 809 τοῦ
795 747 993 829 θελήσοντος·
1008 763 1083 807 τοτε
1106 745 1160 829 την
1181 737 1323 828 τοιαύτην

102 867 297 952 αὐτονομίαν
314 865 406 948 αὐτ-ης
422 867 569 928 καθελεῖν
583 869 638 927 καί
652 863 772 948 ότέρυυς
788 863 899 946 ταύτην
914 863 996 946 (τήν)
1011 864 1106 946 μονην
1123 861 1166 934 εἰς
1183 866 1324 947 μετόχιον

98 987 337 1070 κροσκορῦσαι·
370 981 447 1069 ἠδέ
470 993 528 1047 τῶν
549 981 674 1046 Ἰταλῶν.
694 981 869 1064 ἐπικράτεια
900 984 939 1044 τὰ
969 981 1064 1044 κλείω
1096 989 1151 1064 της
1183 984 1325 1065 τοιαύτης

103 1115 206 1190 μοι’ῖρς
239 1103 282 1183 τῷ
312 1107 380 1165 τότε
409 1103 552 1188 ἀφείλετο
574 1105 735 1186 κτηματα,
749 1099 803 1163 καὶ
830 1099 894 1163 ἀντὶ
928 1110 1022 1184 μονῆς
1056 1101 1143 1184 μόλις
1164 1102 1324 1184 ’μονύδριον

103 1224 187 1287 εἶναι
208 1227 386 1307 πεποίηκεν,
420 1217 546 1296 οὔτινος,
579 1217 824 1308 ἀςιδεδῄλτρται,
849 1218 997 1294 σιγιλλίου
1019 1222 1087 1280 τότε
1111 1223 1165 1302 μόν
1189 1216 1325 1304 ἀφανοῦς

103 1341 198 1414 ὄντος
219 1347 275 1404 καί
294 1342 517 1422 κεκρυμμένου,
538 1336 734 1424 ηνίκαταρὰ
756 1346 809 1400 τοῦ
833 1336 864 1398 όν
885 1333 1110 1420 ἁγίοιςτατρός
1124 1334 1209 1421 ἡμῶν
1225 1338 1327 1402 Ἀθα-

103 1465 218 1524 νασίου
239 1462 429 1541 πατριάρχου
451 1455 494 1526 εὶς
517 1460 660 1540 μετόχιον
683 1455 849 1530 ίξεδίδοτυ,
872 1451 981 1538 ἀρτίοις
1002 1456 1038 1518 δέ
1056 1455 1162 1518 τούτου
1182 1461 1327 1540 φανέντος

102 1580 278 1663 τολλητις
299 1581 381 1640 κατὰ
402 1579 436 1638 τύ
460 1575 543 1646 ελκύς
566 1575 693 1638 ἀπέτισε
716 1585 778 1644 τοῖς
803 1574 971 1658 δηλοθεῖσι
998 1585 1145 1657 μοναχοῖς
1172 1571 1192 1658 ἡ
1215 1573 1327 1651 δειλία,

107 1701 155 1783 μη
167 1717 240 1770 τοτε
250 1699 313 1774 (τό)
322 1693 360 1757 δι’
372 1691 465 1756 αὐτοῦ
481 1693 668 1776 δηλούμενον
684 1689 830 1773 ότιτίμιον
846 1691 964 1775 βλάβην
980 1663 1122 1775 όταγόγη
1138 1697 1248 1777 ψυχαῖς
1264 1705 1328 1766 ταῖς

108 1813 223 1891 αὐτῶν,
245 1819 300 1877 καί
322 1813 467 1898 ἀνέφερον
490 1821 527 1894 τῇ
550 1807 635 1895 ἡμῶν
658 1813 831 1893 μετριότητι
852 1813 926 1891 περί.
942 1811 1058 1885 τούτου,
1085 1812 1169 1874 λύσιν
1191 1809 1328 1884 έξαιτού-

112 1955 203 2018 μενοι
225 1941 277 1996 τού
299 1931 458 2015 εἰρημένου
481 1928 630 2011 έτιτιμίυο
652 1935 705 1991 τοῦ
730 1931 950 2011 περιεχομένου
982 1931 1036 1991 καί
1057 1929 1255 2012 δηλουμένου,
1289 1928 1331 2002 ἀς

112 2053 243 2136 εἴρηται,
266 2049 310 2130 τηῐ
331 2051 399 2112 τότε
421 2049 566 2132 τροβύντι
588 2025 740 2128 σιγιλλίιρ,
764 2041 814 2107 ὅτε
840 2045 982 2129 δηλονότι
1013 2048 1091 2129 μονή
1123 2044 1244 2132 μεγάλη
1277 2053 1331 2110 καί

112 2170 193 2235 καθ’
215 2171 325 2253 όαυτην
347 2166 384 2252 ἦν
406 2165 426 2253 ἡ
449 2177 507 2230 τῦν
528 2165 686 2249 Καψαλιῦν
712 2171 765 2226 τοῦ
799 2162 887 2242 ἁγίου
921 2163 1042 2237 ἐνδόξου
1076 2163 1246 2252 ἀποστόλου
1279 2174 1334 2230 καί

115 2287 337 2367 εὐαγγελιστοῦ
359 2287 507 2351 Ἰωάννου.
545 2286 775 2367 διασκεόαμόνη
791 2286 857 2345 ’καί
881 2281 950 2365 περὶ
982 2284 1088 2345 τούτου
1120 2279 1139 2367 ἡ
1174 2251 1334 2369 μετριότης

113 2407 204 2496 ἡμῶν
237 2412 292 2471 καί
313 2407 366 2469 διὰ
386 2407 488 2470 τολλά
511 2409 565 2489 μέν
587 2409 642 2466 καὶ
667 2401 762 2478 ἄλλα,
797 2404 930 2485 μάλιστα
962 2403 997 2464 δέ
1030 2403 1082 2465 διὰ
1115 2405 1149 2466 τό
1183 2409 1333 2490 συμφέρον

117 2527 255 2612 ὑπάρχον
278 2531 360 2590 κατὰ
380 2527 492 2610 ψυχὴν,
516 2523 696 2607 δτικρίνασα
718 2523 838 2585 δίκαιον
864 2521 949 2597 εἶναι,
982 2523 1076 2584 τελεῖν
1109 2524 1143 2585 τύ
1177 2521 1335 2608 εἰρημένον

118 2649 282 2734 μονύδριον
305 2643 340 2709 οὐ
366 2643 441 2707 καθ’
469 2641 570 2718 όαυτύ,
595 2639 662 2705 ἀλλ’
685 2637 817 2725 ἀπύτην
843 2639 981 2714 έξυυσίαν
1002 2645 1056 2702 καί
1078 2643 1112 2704 τό
1129 2625 1265 2726 ’θέλημα
1283 2651 1336 2726 τῆς

119 2769 264 2850 τοιαύτης
287 2767 458 2846 σεβασμίας
481 2771 575 2846 μονῆς
597 2767 655 2844 της
672 2767 725 2823 τοῦ
746 2759 948 2842 Βροντοχίοο,
971 2759 1039 2842 ἔχει
1060 2767 1149 2822 τοῦτο
1170 2757 1190 2845 ἡ
1214 2765 1336 2844 μετριό-

121 2907 177 2971 της
209 2882 294 2968 ἡμῶν
317 2881 348 2945 ἐν
371 2880 449 2963 ἁγίῳ
470 2883 616 2963 πνεύματι
638 2881 913 2963 συγκεχωρημένον
935 2876 989 2940 καὶ
1010 2877 1173 2960 λελυμένον
1207 2882 1258 2943 διὰ
1285 2891 1338 2965 τῆς

120 3007 273 3085 δοθείσης
305 2997 383 3084 αὐτῇ
417 2999 555 3072 ἔξουσίας
589 2994 645 3060 ύτό
678 3005 732 3059 τοῦ
758 3001 866 3077 κυρίου
890 2992 976 3080 ἡμῶν
998 2995 1098 3080 Ἰησοῦ
1120 2995 1252 3079 Χριστοῦ
1286 2999 1338 3062 διά

122 3133 183 3186 τῶν
206 3118 300 3196 ἁγίων
326 3115 420 3180 αὐτοῦ
443 3119 592 3199 μαθητῦν
614 3136 647 3177 τε
670 3111 937 3186 καίάιτυστόλοιν,
963 3115 1167 3185 κελιύσαντος
1190 3121 1243 3198 μέν
1265 3120 1339 3200 τρύς

122 3239 259 3309 λκείνους
280 3238 362 3299 λύειν
384 3257 416 3297 τε
438 3239 493 3296 καί
513 3233 635 3315 δεσμεῖν
657 3230 808 3315 ἁμαρτίας
830 3233 880 3294 έσί
902 3240 955 3314 της
977 3241 1034 3314 γῆς
1054 3237 1108 3294 καί
1132 3231 1204 3316 ὅπερ
1225 3233 1260 3298 ἀν
1283 3237 1337 3297 λύ-

127 3379 221 3421 σωαιν
245 3355 292 3417 έιτί
315 3364 382 3439 γῆς,
406 3352 482 3415 εἶναι
503 3351 668 3434 λελυμένον
689 3354 743 3413 καί
765 3348 796 3412 έν
811 3361 873 3420 τοῖς
889 3347 1038 3432 οὐρανοῖς,
1062 3347 1134 3434 δτερ
1154 3353 1187 3414 δέ
1211 3355 1340 3435 δεσμεύ-

127 3494 232 3548 σοισιν,
256 3473 409 3535 εἶναικαὶ
431 3470 497 3533 ἐκεῖ
518 3470 694 3552 δεδεμένον,
712 3467 938 3552 ’ριλανθρύτοις
959 3467 993 3530 δέ
1016 3465 1055 3530 δι’
1082 3467 1203 3530 ἐκείνων
1224 3475 1278 3531 καί
1300 3471 1342 3541 εἰς

122 3591 209 3679 ἡμας
231 3593 283 3676 την
305 3591 448 3672 τοιαύτην
471 3587 708 3668 διαβιβάσαντος
730 3589 828 3668 χάριν.
856 3583 921 3648 έιιτί
942 3583 969 3647 δ’
992 3585 1038 3649 ἔτι
1061 3583 1203 3670 ἀνέφερον
1230 3585 1258 3648 οἱ
1279 3588 1339 3671 δη-

124 3715 280 3780 λωθέντες
307 3705 451 3793 μοναχού,
485 3703 539 3770 ότι.
557 3709 610 3768 καί
630 3703 729 3787 ἕτερα·
742 3707 884 3787 κτήματα
908 3705 976 3788 ἔχει
996 3703 1016 3789 ἡ
1040 3707 1161 3787 τοιαύτη
1185 3707 1341 3789 σεβασμία

125 3831 204 3914 μσνη
227 3831 280 3890 καί
301 3830 480 3908 παροίκους,
513 3825 552 3887 τὰ
574 3826 629 3906 μέν
651 3819 682 3894 ἐξ
705 3821 874 3904 ἀγορασίαις
895 3823 1096 3904 περιελθόντα
1121 3819 1212 3907 αὐτη,
1247 3826 1341 3887 τὰδὲ

125 3947 187 4013 ἀπό
216 3948 424 4028 τρουενέίεως
447 3953 542 4018 τινῦν,
566 3939 616 4026 ἀρ’
639 3939 689 4016 ἀν,
713 3938 754 4010 ὣς
777 3939 957 4024 ἀνήνεγκαν,
980 3945 1018 4003 τὰ
1044 3945 1097 4023 μέν
1120 3939 1152 4015 ἐξ
1175 3940 1345 4026 ἀγορασίας

125 4069 185 4134 εἰσί
207 4073 313 4129 ταῦτα·
336 4069 404 4147 περί
426 4065 479 4148 τὴν
493 4063 606 4144 Βρύσιν
626 4064 796 4125 τοίνσεττον
817 4063 870 4120 καί
891 4061 976 4121 θεῖον
992 4061 1064 4122 ναόν
1079 4069 1132 4122 τοῦ
1153 4058 1243 4139 ἁγίου
1259 4062 1340 4146 ἱερο-

126 4192 278 4272 μύρτορος
298 4183 435 4247 Βλααίοο
460 4185 515 4244 καί
537 4181 587 4243 τόν
613 4177 643 4240 ἐν
672 4173 754 4259 αὐτῷ
777 4175 937 4258 ἱερατικῦς
964 4175 1235 4262 ὲξοττηρετούμενον
1261 4180 1343 4262 ἱερέα

126 4309 178 4372 τόν
193 4305 330 4389 Ὀψαράν
352 4301 407 4363 καὶ
429 4303 482 4384 την
505 4297 597 4363 αὐτοῦ
621 4293 891 4381 ἐξαδέλρην,ι·μεθ’
913 4291 954 4357 ἀν
978 4295 1085 4379 έχουσι
1107 4304 1270 4383 κτημσίτοιν
1286 4320 1342 4374 γο-

125 4437 217 4489 νικῦν
240 4423 347 4487 τεκαὶ
371 4417 591 4502 ἀγοραστικόν,
614 4411 709 4486 ούτιος
732 4414 963 4497 έξωνησαμένης
990 4411 1099 4487 αὐτούς
1125 4425 1179 4500 τῆς
1201 4420 1342 4502 τοιαύτης

126 4554 221 4626 μονῆς
254 4545 336 4624 ταρὰ
364 4539 512 4617 Ἀγγέλοο
533 4535 692 4602 Νικολάου
717 4541 770 4595 τοῦ
793 4531 987 4617 Φαγυμύθη,
1022 4539 1075 4596 καί
1099 4533 1245 4616 ἀμτέλιον
1277 4541 1343 4618 περὶ

1122 4641 1149 4690 31
