3314 5266
1298 347 1360 410 565

144 525 311 612 Mutata
331 532 386 591 καί
406 531 534 612 νόμιμος
556 531 610 590 καί
630 529 788 612 κανονική,
820 525 896 591 ὅπου
917 531 951 591 δύ
975 537 1063 592 τούτο
1087 528 1142 592 ούκ
1167 530 1256 606 ἔστιν,
1281 529 1362 593 ἀλλά

145 642 318 711 τούναντίον
351 648 467 731 μᾶλλον
499 650 636 710 κανόνων
657 647 824 720 κατάλυσις
845 651 899 710 καί
920 651 1034 732 νόμιον,
1063 653 1091 711 τί
1123 649 1169 711 δεῖ
1191 651 1243 732 τὴν
1267 651 1360 731 συνή-

145 766 238 829 θειαν
258 766 504 848 πρυβάλλεσθαι;
527 761 574 828 ’ότι
596 768 651 848 μὲν
673 768 732 848 γὰρ
754 761 811 828 υύκ
833 765 900 830 ύατι
920 767 1002 851 καλὴ
1029 769 1179 852 συνήθεια
1201 775 1305 842 τούτο,
1329 765 1361 828 αἱ

147 883 312 967 ίκκληοίαι
330 893 426 948 πάυαι
440 892 494 967 της
509 881 691 968 οἰκουμίνης
707 874 918 967 μαρτυροῦσιν,
941 883 1053 957 αἵτινες
1069 888 1236 983 συνήθειαν
1253 886 1362 970 ἔχουσι

145 1009 199 1065 τού
219 1005 410 1086 πατριάρχου
432 1005 630 1088 μνημονεύειν
652 1005 850 1088 στερούμτναι
870 1013 927 1068 τῶν
949 1003 1071 1067 οἰκείων
1089 1003 1265 1088 ἀρχιερίων.
1288 1009 1363 1067 ποία

146 1129 205 1184 τῶν
237 1120 499 1206 μητροπόλεωνῆ
531 1131 589 1184 τῶν
615 1121 801 1198 ἐπισκοπῶν,
835 1121 886 1186 ὅτε
918 1120 1081 1187 ἐπίσκοπον
1109 1123 1175 1206 ἔχει
1200 1122 1220 1206 ἢ
1248 1144 1364 1205 μητρο-

145 1241 281 1324 πολίεην,
304 1237 340 1303 ού
363 1241 544 1325 μνημονεύει
565 1249 618 1305 τού
639 1245 842 1326 πατριάρχου;
864 1247 919 1305 καί
940 1245 978 1305 τό
999 1251 1157 1326 πανταχοῦ
1180 1253 1234 1327 τῆς
1256 1242 1362 1306 οίκου·

146 1361 240 1442 μόνης
261 1362 420 1443 γινόμενον
441 1356 526 1443 ύμεῖς
548 1360 653 1438 λίγετε
677 1361 718 1444 μη
742 1360 825 1444 ἔχειν
849 1363 1013 1444 συνήθειαν
1038 1371 1147 1437 ποιεῖν;
1174 1358 1279 1442 ὁρᾶτε,
1301 1370 1365 1430 πῶς

147 1471 205 1539 οὐκ
227 1475 294 1540 ἔστι
315 1477 397 1562 καλὴ
419 1474 440 1562 ἡ
463 1475 593 1562 ύμετίρα
620 1481 779 1562 συνήθεια.
813 1487 902 1542 τούτο
924 1480 960 1543 δύ
982 1485 1036 1542 καί
1059 1478 1118 1542 ἀπό
1141 1489 1275 1565 φυσικῶν
1309 1482 1364 1542 λο-

145 1604 263 1678 γισμῶν
284 1600 338 1658 καί
359 1606 469 1660 κοινῶν
491 1593 612 1661 όννοιῶν
636 1596 913 1682 ἀποδειχθήσεται·
937 1597 1002 1662 ἔστι
1025 1597 1083 1682 γὰρ
1106 1597 1193 1683 ύμίν
1214 1602 1364 1682 τατριάρ·

147 1733 210 1797 χης
231 1715 353 1800 κεφαλὴ
375 1723 429 1798 της
450 1713 621 1799 ἐκκλησίας
642 1719 753 1800 πάσης,
786 1715 816 1780 οἱ
837 1718 871 1779 δὲ
893 1718 993 1780 λοιποί
1017 1716 1168 1801 ἀρχιερεῖς
1191 1719 1279 1802 μίλη,
1312 1719 1365 1789 οδς

148 1831 275 1917 ἔχουσιν
306 1831 435 1896 ύκαστοι
467 1844 525 1899 τῶν
547 1830 594 1896 ὑπ’
617 1831 727 1906 αύτούς
750 1832 791 1906 ύις
813 1837 953 1920 κεφαλὴν
974 1833 1116 1912 ἕκαστον,
1148 1845 1212 1906 πῶς
1244 1833 1297 1899 οὖν
1329 1833 1365 1899 ού

148 1952 267 2029 γελοῖον
288 1954 413 2023 τούτους
436 1955 490 2035 μὲν
513 1955 763 2038 μνημονεύεσθαι
786 1958 900 2025 ζῶντας
921 1958 1004 2036 παρὰ
1026 1965 1083 2016 τῶν
1107 1950 1258 2038 ὑπηκόων,
1286 1955 1365 2038 μίλη

148 2080 203 2155 της
235 2067 404 2154 ίκκλησίας
426 2066 534 2148 ὄντας,
568 2048 786 2134 ἀποθανόντων
812 2072 847 2134 δὲ
871 2073 912 2155 μή
936 2073 1185 2156 μνημονεύεσθαι
1219 2075 1269 2134 τόν
1301 2093 1364 2135 πα-

146 2191 304 2273 τριάρχην,
327 2189 381 2272 την
402 2189 540 2274 κεφαλὴν
562 2197 616 2274 της
638 2187 807 2274 ίκκλησίας
828 2193 882 2252 καί
903 2191 1040 2274 κεφαλὴν
1064 2199 1117 2274 της
1143 2201 1200 2252 τῶν
1223 2187 1365 2273 ύπηκόων

144 2310 282 2395 κεφαλῆς
289 2332 299 2386 ;
320 2307 386 2384 εἶτα
408 2305 526 2371 ίκείνου
540 2309 689 2381 πολλάκις
712 2305 748 2372 ού
765 2311 987 2393 μνημονεύοοσί
1004 2329 1080 2380 τινες
1102 2314 1264 2394 ζητοῦντος
1286 2331 1364 2393 μνη-

146 2430 286 2510 μόσυνον,
321 2425 355 2488 δν
387 2427 566 2511 φοβοῦνται,
600 2429 643 2510 μή
675 2447 748 2489 ποτε
770 2426 822 2488 διὰ
844 2435 933 2492 τούτο
956 2432 1009 2489 καί
1031 2423 1085 2510 τήν
1107 2427 1208 2510 ἀρχὴν
1241 2425 1364 2489 ἐκείνων

148 2543 283 2607 ἀκόντων
305 2546 403 2627 λάβη,
426 2541 527 2626 ὥσπερ
551 2549 665 2622 γίνεται
686 2545 835 2615 πολλάκις
859 2543 974 2606 ἔνεισι
997 2553 1054 2606 τῶν
1077 2543 1233 2628 ἀρχόντων
1255 2549 1364 2622 τόπων,

146 2673 232 2726 τινῶν
266 2663 432 2746 ζητούντων
466 2654 657 2754 μνημόσυνον
689 2665 772 2745 παρὰ
794 2673 852 2726 τῶν
873 2663 1002 2746 πλησίον
1026 2659 1124 2725 αύτῶν
1145 2663 1275 2741 πόλεων,
1309 2663 1365 2726 καὶ

146 2783 199 2844 διὰ
220 2781 274 2864 τήν
296 2766 455 2865 είρημίνην
479 2779 587 2858 αἰτίαν,
611 2779 868 2864 ἆναβαλλομίνων
890 2787 979 2843 τούτο
1002 2775 1113 2854 αὐτῶν,
1140 2779 1220 2844 ἔνθα
1241 2782 1275 2843 δὲ
1299 2781 1365 2845 δστί

145 2923 190 2972 τις
212 2899 315 2984 ἄρχων
337 2904 392 2962 καί
412 2901 517 2983 κύριος’
537 2904 593 2962 καί
615 2897 753 2974 λεουοίαν
776 2899 872 2984 ύχων,
906 2899 1097 2980 δβούλεται,
1130 2908 1268 2984 ποιησαι,
1301 2910 1364 2971 πῶς

145 3019 211 3083 ἔστι
232 3020 353 3082 δίκαιον
375 3021 475 3095 λόγοιν
498 3017 575 3082 εἶναι
596 3021 764 3103 συνήθειαν
784 3019 825 3102 μή
849 3019 1098 3102 μνημονεύεσθαι
1117 3025 1237 3094 τούτον;
1261 3014 1308 3080 ὅτι
1328 3018 1363 3080 δὲ

145 3139 199 3221 τὴν
222 3135 322 3221 ἀρχὴν
344 3147 397 3222 της
420 3135 590 3220 θκκλησίας
612 3139 724 3222 ταύτης
746 3135 810 3219 ύχω
826 3133 896 3212 ἔγιδ,
920 3145 1008 3199 τοῦτο
1026 3137 1189 3219 πρόδηλον,
1212 3140 1265 3198 καί
1280 3133 1363 3218 ὑμεῖς

145 3257 360 3338 μαρτυρησετε,
382 3257 516 3337 καὶγὰρ
539 3252 600 3331 ἐγιδ
621 3265 725 3336 κρατῶ
748 3257 859 3338 ταύτην
881 3263 947 3329 νῶν,
974 3257 1027 3318 καί
1050 3253 1155 3316 ἄδειαν
1179 3254 1243 3338 ἔχω
1264 3258 1363 3317 πάντα

143 3387 238 3438 ποιεῖν
271 3377 325 3436 καί
355 3375 497 3456 πρόνοιαν
530 3375 650 3436 διδόναι
681 3377 736 3436 καί
757 3377 947 3457 χειροτονίας
968 3385 1073 3447 ποιεῖν,
1108 3377 1160 3436 καί
1194 3377 1293 3437 πάντα
1324 3385 1363 3459 τῇ

143 3490 278 3578 ἡμετίρφ
300 3493 424 3574 ύςουσίφ
445 3475 619 3556 ὑπόκεινται
641 3495 679 3555 τὰ
702 3489 806 3576 αύτης,
829 3490 891 3569 ίγά
913 3491 947 3553 δὲ
971 3489 988 3554 ό
1010 3501 1106 3555 ταῦτα
1121 3493 1289 3576 δυνάμενος
1305 3488 1362 3555 ούκ

146 3616 210 3700 ἔχω
233 3611 338 3677 ἄδειαν
359 3615 414 3675 καί
436 3609 469 3674 ἂν
493 3607 570 3696 αὐτη
593 3612 859 3696 μνημονεύεσθαις
886 3607 988 3694 ἢδως
1022 3613 1077 3693 μὲν
1100 3607 1116 3674 ὁ
1139 3611 1362 3696 μητροπολίτης

151 3739 202 3819 ζῇ,
224 3731 245 3818 ἡ
267 3729 350 3816 ὑμῶν
371 3732 503 3818 κεφαλὴ,
527 3733 710 3814 μνημονεύει
731 3737 784 3792 τού
806 3731 1010 3812 πατριάρχου,
1032 3732 1087 3792 καί
1110 3727 1257 3792 ἀδύνατόν
1280 3727 1361 3791 ίοτιν

148 3851 249 3921 άλλως
281 3851 444 3927 γίνεσθαι,
479 3845 551 3912 ούδὲ
574 3853 634 3932 γάρ
657 3847 694 3911 άν
717 3847 764 3932 εἴη
796 3847 1019 3931 μητροπολίτης
1042 3843 1059 3907 ό
1081 3855 1169 3909 τούτο
1193 3847 1234 3930 μὴ
1256 3855 1360 3909 ποιῶν·

145 3969 265 4033 ἐκείνου
286 3969 321 4031 δὲ
344 3967 556 4040 ἀποθανόντος
578 3963 613 4030 ού
636 3969 834 4051 μνημονεύειν
858 3963 939 4049 ὑμᾶς
960 3964 1024 4028 ἐστι
1046 3965 1166 4027 δίκαιον
1192 3965 1261 4034 τούς
1285 3961 1361 4027 ύπο-

144 4091 347 4171 τεταγμόνους
370 4085 488 4168 ἰκτίνῳ,
512 4083 548 4150 ού
571 4085 686 4157 ἐκεῖνος
709 4090 767 4157 ζῶν
790 4081 1006 4168 ἐμνημόνευεν;
1029 4081 1130 4166 δρᾶτε,
1152 4093 1216 4155 πῶς
1231 4087 1284 4145 καί
1300 4081 1360 4145 ἀπὸ

143 4215 201 4270 τῶν
222 4208 358 4268 κανόνων
379 4209 434 4267 καί
456 4202 516 4268 ἀπό
539 4215 592 4290 της
614 4205 780 4287 συνηθείας
803 4213 861 4266 τῶν
884 4200 1055 4286 ἐκκλησιῶν
1076 4199 1202 4265 άτασῶν
1223 4203 1278 4263 καί
1301 4199 1360 4263 ἀπό

143 4333 276 4410 φυσικῶν
298 4325 397 4400 λόγων
417 4326 473 4386 καί
493 4333 604 4386 κοινῶν
636 4321 757 4387 ἐννοιῶν
780 4319 995 4385 ἀποδείκνυται
1021 4329 1110 4382 τούτο
1143 4321 1262 4382 δίκαιον
1285 4317 1361 4382 εἶναι

142 4441 197 4506 καί
217 4443 395 4518 κανονικόν;
418 4438 478 4518 ἔγιδ
500 4442 553 4504 διά
574 4449 663 4505 τοῦτο
685 4440 807 4524 ύγραρα
827 4441 902 4523 πρός
925 4437 1004 4521 ύμσῖς
1020 4437 1064 4510 είς
1079 4438 1194 4509 πλάτος
1208 4440 1275 4519 περὶ
1290 4438 1360 4499 τού-

144 4580 205 4637 τοο,
228 4557 280 4623 ἵνα
301 4561 470 4643 γινώσκητε
492 4567 588 4624 ταῦτα
610 4563 664 4624 καί
685 4560 872 4643 λογίσησθε,
895 4553 942 4621 δτι
964 4552 1043 4620 ούτω
1064 4559 1170 4639 πρίτει
1207 4551 1280 4636 ὅπερ
1303 4559 1361 4636 γάρ
