3314 5266
347 291 408 353 59⁴

349 481 455 560 πράξει
477 486 613 541 τοιοῦτον
635 476 790 561 ίπιιίδησι
811 479 909 552 τίλας,
933 483 1242 564 συνιπιψηριξύμενον
1266 481 1385 564 ίχουσα
1401 479 1493 564 ίαοιη
1509 478 1564 540 καὶ

349 607 407 660 των
428 600 493 680 περί
515 594 607 680 αύτην
630 595 797 680 ίερωτάτων
820 595 986 681 ἀρχιερίων
1008 600 1059 660 τύν
1081 601 1166 660 διίον
1189 602 1292 682 χορύν.
1316 597 1332 660 ὁ
1354 603 1412 681 γὰρ
1434 597 1561 680 ἀρίστα-

348 737 400 787 πυς
422 713 660 798 ἀρχιεπίσκοπος
681 714 860 798 Μαρωνείας
882 717 1026 799 συνοδικῇ
1049 720 1138 802 ψήρρ
1161 717 1213 799 την
1239 718 1444 801 πνευματικὴν
1466 713 1562 798 αύτης

347 841 532 918 προστασίαν
555 835 718 918 δεξάμενος
738 838 793 898 καί
814 837 931 918 μύλλων
953 839 1027 917 πρύς
1049 833 1141 918 αύτην
1164 833 1294 910 ἀπιίναι,
1317 839 1352 898 τά
1375 845 1428 899 τοῦ
1449 845 1560 918 καιροῦ

344 955 525 1039 ταραχῶδες
546 957 600 1015 καί
621 954 674 1035 την
697 951 947 1035 ἀλλοπρόσαλλον
971 956 1157 1035 μετάπτωσιν
1179 963 1237 1016 τῶν
1258 957 1443 1045 πραγμάτων
1465 953 1559 1038 ἔσχεν

345 1070 436 1138 οιύτύν
458 1071 680 1156 ἐμποδίζουσαν
702 1075 757 1133 καί
778 1072 956 1152 κωλύουσαν
977 1075 1126 1146 καθάπαξ
1148 1069 1240 1136 αύτοῦ
1267 1074 1321 1154 τήν
1347 1070 1456 1156 ὁρμήν·
1487 1072 1558 1136 ίπι-

312 1183 314 1187 ’
343 1193 454 1276 δρομαί
476 1195 535 1270 γὰρ
558 1199 616 1252 τῶν
639 1189 742 1252 ἀῦίων
764 1188 862 1252 ίθνιῦν
895 1195 948 1252 καί
974 1194 1011 1254 τὰ
1043 1193 1160 1262 τούτοις
1192 1190 1326 1275 ίπύμτνα
1358 1195 1413 1252 καί
1445 1189 1557 1273 ἀπορία

343 1311 426 1393 δεινη
458 1314 513 1372 καί
546 1313 673 1392 μεγίστη
707 1309 854 1391 σύγχυσις
886 1305 978 1392 αύτην
1003 1317 1219 1392 κατασχούσαι
1240 1314 1307 1371 καί
1325 1312 1469 1392 πρότερον
1500 1317 1556 1370 τοῦ

341 1427 410 1491 κατ’
433 1425 526 1510 αὐτην
549 1425 687 1509 ἀδρανιῦς
710 1425 836 1508 ίχοντος
858 1429 911 1488 καί
933 1429 984 1488 τύν
998 1427 1108 1509 ταύτης
1122 1430 1252 1508 ποιμένα
1271 1427 1442 1511 διατρίρειν
1463 1425 1554 1498 ἀξίως

341 1541 397 1608 ούκ
421 1543 618 1625 εύποροῦααν,
640 1551 691 1605 νῦν
714 1543 829 1624 μάλλον
853 1542 896 1612 τίς
914 1545 948 1604 τύ
964 1544 1058 1626 μηδίν
1074 1553 1263 1628 καταντῆσαι
1277 1546 1465 1626 πεποιήκασι
1478 1545 1551 1604 ταύ-

341 1683 395 1748 την
428 1663 482 1726 καί
515 1663 568 1744 τὴν
590 1670 643 1745 τῆς
664 1664 767 1743 χώρας
789 1662 942 1743 καλλονήν
964 1659 1111 1724 ίκοίστυττ
1136 1667 1360 1744 περιπείροντες
1393 1667 1449 1724 καί
1479 1683 1551 1744 πιμ-

337 1791 469 1864 πρῦντες
500 1783 554 1843 καί
585 1780 731 1862 δῃοῦντες
763 1782 818 1842 καί
850 1777 988 1860 ἄκοσμον
1013 1781 1091 1842 πάνυ
1113 1779 1167 1841 καὶ
1188 1791 1310 1864 κατηρη
1342 1784 1399 1842 καί
1431 1781 1548 1843 πολλῶν

339 1874 426 1972 ἀξίαν
458 1901 579 1982 θρήνεον
613 1893 705 1979 αὐτὴν
739 1893 945 1978 ἐργαζόμενοι·
980 1895 1047 1958 ἀλλ’
1082 1895 1146 1960 ἐπεί
1177 1899 1289 1980 ταύτης
1322 1899 1547 1982 διαφθαρείσης

337 2019 449 2101 σχιδύν
481 2019 535 2077 καί
568 2014 613 2077 ἔτι
634 2019 687 2076 καί
709 2019 834 2096 χείρονα
855 2017 1020 2077 πείσεσθαι
1046 2016 1302 2098 προσδυκωμίνης
1324 2012 1492 2098 δσημίραι,
1522 2013 1549 2078 εί

337 2136 379 2219 μη
401 2137 477 2205 θεὸς
499 2137 553 2217 την
575 2131 698 2216 ἄμαχον
721 2130 818 2214 δρίξει
844 2143 932 2214 χεῖρα
957 2137 1039 2194 κατὰ
1065 2141 1123 2194 τῶν
1144 2143 1262 2203 κοιναῖς
1284 2129 1452 2214 ἁμαρτίαις
1473 2133 1544 2218 ἔρο-

335 2254 523 2336 πλιζομίνων
555 2247 634 2334 ἡμῖν,
669 2247 703 2312 ού
727 2251 846 2312 δίκαιον
868 2249 905 2334 ἠν
928 2261 1032 2314 τοῦτον
1056 2255 1110 2334 μίν
1131 2251 1306 2332 σχολάζειν,
1339 2252 1394 2334 τὴν
1428 2253 1462 2314 δί
1485 2265 1546 2323 ταίς

333 2373 375 2452 τῷ
395 2367 470 2432 καθ’
502 2366 584 2453 ἡμᾶς
606 2365 861 2450 ύπυτεταγμίναις
884 2371 985 2451 δρύνιρ
1008 2373 1250 2452 συντεταγμένην
1277 2366 1451 2453 άγιωτάπην
1484 2393 1545 2456 μη-

333 2489 471 2568 τρύπυλιν
497 2487 697 2570 Μεσημβρίαν
730 2483 779 2548 ίπί
803 2487 896 2548 πολύν
926 2489 1101 2570 ’περιιῦρύαι
1127 2489 1317 2570 χηρεύουσαν
1351 2493 1461 2571 χρόνον
1494 2493 1545 2550 καί

331 2611 457 2688 γνησίου
479 2611 621 2688 ποιμένος
644 2609 782 2688 στίρησιν
806 2601 1042 2686 ἀποδυρομένην,
1064 2615 1153 2686 κοινη
1175 2604 1336 2686 διασκάψαι
1362 2607 1396 2665 τύ
1418 2615 1544 2688 πρᾶγμα

329 2724 488 2788 ίκδίδωσιν
509 2721 530 2808 ἡ
553 2727 712 2806 μετριύτης
733 2720 827 2806 ἡμῶν,
843 2726 897 2784 καί
911 2733 1019 2792 κοινῶς
1034 2719 1208 2804 ὁμονοοῦσα
1222 2733 1284 2792 τοίς
1299 2724 1542 2806 σοντδριοίίουσιν

329 2839 406 2924 αύτη
429 2842 604 2924 ἱερωτάτοις
627 2840 809 2923 ἀρχιερεῦσι,
833 2839 876 2921 τη]
897 2837 1035 2924 Ἐρέσου,
1059 2839 1100 2922 κιρ
1120 2837 1314 2921 Ἡρακλείας,
1337 2843 1378 2922 τῴ
1399 2841 1541 2928 Βρύσεως

314 2947 383 3022 Α’καὶ
404 2962 455 3021 τύν
477 2963 568 3020 τύπον
590 2957 730 3042 ἐπίχαντι
751 2967 803 3020 τοῦ
825 2957 969 3028 Κυζίκου,
993 2957 1094 3040 ἔχοντι
1116 2963 1169 3020 καί
1190 2960 1243 3041 τήν
1266 2961 1387 3041 γνύμην
1410 2967 1464 3020 τοῦ
1478 2959 1539 3022 Τε-

328 3079 426 3152 νέδου,
449 3077 491 3160 τῷ
512 3077 614 3160 Σίδης,
638 3077 741 3160 ἔχοντι
767 3081 820 3138 καί
836 3078 888 3158 τὴν
911 3081 1032 3159 γνώμην
1054 3085 1107 3138 τοῦ
1130 3075 1342 3150 Σωξοπύλεως,
1375 3077 1417 3159 τῷ
1438 3077 1543 3141 Ἰωαν-

327 3200 413 3257 νίνων
446 3199 501 3256 καί
532 3195 574 3277 τῷ
594 3194 728 3277 Βάρνης,
755 3197 926 3276 μετέθηκεν
949 3189 1039 3256 αύτύν
1062 3193 1106 3264 είς
1132 3195 1184 3276 τήν
1207 3193 1366 3276 είρημίνην
1399 3203 1455 3277 της
1476 3193 1539 3258 Με-
1651 3271 1652 3274 γ

329 3315 480 3398 σημβρίας
503 3315 696 3397 μητρύπολιν,
720 3317 845 3394 γνησίου
868 3317 1081 3396 οπερουμὲνην,
1109 3309 1150 3382 ἀς
1173 3311 1297 3396 εἴρηται,
1321 3310 1468 3396 ἱεράρχου
1490 3317 1541 3375 καί

326 3441 531 3516 πνιυματικης
553 3429 740 3513 ίπισκίψεύς
762 3451 794 3494 τε
816 3435 870 3492 καί
893 3428 1082 3512 ἀνακρίσεως
1108 3467 1145 3492 ..-
1158 3476 1535 3494 ................

803 3548 922 3632 reliqua
942 3549 1060 3614 desunt„

529 3733 733 3797 CCCXXXI.
760 3735 998 3810 (6880·1372)
1018 3737 1068 3796 22.
1089 3732 1196 3818 aprilis
1214 3731 1277 3796 ind.
1293 3732 1335 3795 X.

592 3874 736 3942 Presbyter
750 3873 893 3942 stylianus
910 3873 1003 3926 ίίίνίαε
1018 3875 1270 3928 excommunicatur.

412 4017 535 4100 ξΜηνί
558 4019 716 4100 απριλλίιρ,
739 4018 786 4098 νβ’
807 4015 916 4100 ημίρορ,
938 4022 1067 4100 πίμπτρ,
1090 4016 1146 4079 ίνδ.
1174 4018 1199 4091 ι’,
1223 4019 1465 4101 πρυκαθημίνοο
1486 4025 1537 4080 τού

324 4139 555 4211 παναγιωτάτου
586 4133 671 4219 ἡμῶν
704 4137 852 4198 δεσπότου
880 4145 932 4198 τοῦ
959 4135 1171 4218 οίκουμενικυῦ
1193 4139 1380 4218 πατριάρχου
1413 4133 1446 4196 ίν
1479 4143 1537 4201 τοῖς

325 4259 406 4316 κατὰ
428 4257 478 4316 τύν
501 4251 587 4330 ἅγιον
610 4255 823 4338 Θεορύλακπυν
845 4255 979 4323 κελλίοις
1001 4263 1054 4337 τῆς
1077 4255 1214 4337 μεγάλης
1240 4251 1411 4336 ἁγιωσύνης
1434 4249 1535 4319 αὐτοῦ.

326 4371 579 4455 ουνεδριαίύνγων
613 4368 694 4454 αύτῷ
725 4376 780 4433 καί
812 4381 870 4434 τῶν
893 4345 1061 4452 ίερωτάτων
1083 4369 1247 4455 ἀρχιερέων
1273 4369 1328 4434 καί
1359 4365 1536 4452 ύπερτίμιν,

325 4495 378 4554 τοῦ
400 4487 542 4574 ’Βρίσοω
566 4497 618 4552 τοῦ
640 4488 832 4570 Ἡρακλείας,
854 4497 906 4551 τοῦ
928 4487 1078 4570 Βρύσεως,
1102 4497 1154 4551 τοῦ
1178 4488 1391 4562 Σιοξοπύλεως,
1415 4491 1470 4550 καί
1485 4495 1536 4550 τού
