3314 5266
1300 334 1362 398 569

140 527 218 582 ναοῦ
233 527 288 582 τοῦ
304 522 572 603 μιγαλυμὰρτυρυς
587 517 676 598 ἁγίου
687 521 861 606 Δημητρίου
877 520 893 584 ύ
910 528 1045 591 τοιοῦτος
1056 519 1291 603 Πττταγιυμίνος,
1302 523 1358 583 καί

139 636 307 710 ἁκιιλύτισς
330 635 361 700 λν
384 640 479 723 τούτῳ
501 640 689 724 διτντργηστι
709 643 808 704 πάντα
829 643 869 703 τά
889 641 1041 704 ύυκυῦντα
1063 636 1155 722 αύτιρ,
1179 643 1359 702 συνοίσοντα

137 757 216 836 πρὸς
232 757 390 837 βελτίοσιν
405 760 459 820 καί
474 758 619 822 σύστασιν
634 767 687 822 τοῦ
703 761 840 822 τοιούτου
854 767 940 834 ναοῦ,
956 757 1105 841 ίτιμτλῦς
1120 762 1283 842 φροντίζων
1297 761 1357 840 τρὸ

137 877 254 945 παντὸς
277 872 374 938 ἄλλου
395 884 449 960 της
472 873 503 938 ἐν
526 873 610 958 αύτηῖ
624 874 807 963 ὀφειλούσης
823 875 1020 942 ἁκττλτίσθαι
1042 874 1195 959 ὑμνῳδίαις
1211 874 1288 958 ὁμοῦ
1302 878 1357 938 καί

140 990 366 1076 ἱτροττλεστίσις
380 992 435 1058 καὶ
449 1003 503 1078 της
519 993 694 1082 ἀνηκούσης
706 994 903 1080 λυχνοκαίας,
917 996 963 1060 ἔτι
978 997 1013 1058 δῦ
1029 999 1083 1057 καί
1096 1005 1150 1078 της
1168 993 1292 1078 ίτησίυυ
1303 1003 1357 1056 τοῦ

138 1113 412 1196 μαγαλομάρτυρος
433 1113 550 1199 ἁορτης,
565 1108 620 1178 καί
641 1113 684 1187 ἁς
703 1113 740 1179 ἂν
763 1114 958 1178 ἀδιάλειπτον
973 1112 1004 1176 ἐν
1027 1109 1110 1197 αύτῷ
1123 1115 1306 1176 διαττλτίται
1321 1116 1355 1178 τύ

136 1239 199 1292 τῶν
220 1243 375 1314 κραταιῦν
397 1236 452 1295 καί
472 1229 568 1310 ἁγίων
582 1229 738 1298 αύύιντῦν
753 1231 838 1318 ἡμῶν
854 1237 908 1296 καί
926 1234 1077 1314 βασιλίσιν
1092 1235 1285 1316 μνημόσυνον
1300 1235 1355 1294 καί

136 1355 193 1411 τοῦ
214 1353 447 1427 ταναγιαιττίτσυ
467 1346 553 1436 ημῶν
574 1352 733 1427 ύτστύτου,
765 1359 819 1415 τοῦ
841 1351 1055 1434 οὶκουμινιιιυῦ
1076 1355 1279 1434 πατριάρχου,
1301 1352 1357 1412 καί

137 1474 193 1529 τοῦ
215 1476 426 1550 χριστιανικοῦ
446 1470 559 1540 παντὸς
573 1465 743 1552 ύρθούύξου
758 1473 961 1553 συστήματος,
977 1473 1032 1532 καί
1046 1465 1142 1540 υύτιυς
1159 1465 1211 1531 ἵνα
1232 1471 1355 1551 κατίχη

137 1587 191 1648 τύν
212 1594 351 1650 τοιοῦτον
365 1589 439 1650 ναῦν
454 1584 545 1658 αύτύς
567 1607 599 1650 τι
613 1584 668 1650 καί
689 1589 724 1650 τύ
744 1591 837 1672 μίρος
853 1585 946 1652 αύτυῦ
963 1585 1177 1672 ἁνινυχλητως
1192 1585 1228 1650 ύκ
1242 1588 1356 1657 ταντύς

135 1708 303 1787 κροσύαου
323 1709 379 1768 καί
400 1708 511 1788 μίρους
524 1709 579 1768 καί
592 1707 690 1769 πάντα
706 1704 918 1782 ἁῦιαστίστσς,
934 1705 1060 1790 ύχοντις
1075 1705 1121 1770 λα’
1138 1705 1245 1777 ἁῦτίας
1267 1705 1357 1768 τίσά-

135 1841 203 1900 γτιν
225 1823 270 1895 τίς
291 1820 382 1887 αύτύν
405 1823 498 1906 ίτρία,
521 1823 555 1888 ὃν
578 1822 615 1888 ἂν
628 1826 816 1907 τροίλιυνται
830 1830 885 1887 καί
899 1826 1027 1900 ῦίλυσι,
1047 1827 1127 1908 τλην
1141 1827 1219 1908 μετὰ
1234 1827 1357 1906 γνύμης

136 1949 192 2002 τοῦ
208 1944 319 2024 μίρους
333 1951 387 2024 της
410 1939 591 2024 ἁγιωτάτης·
605 1943 742 2025 μτγάλης
764 1949 816 2003 τσῦ
838 1944 917 2004 θοοῦ
940 1929 1171 2026 ίκκλησίας,τ·ἠ
1193 1941 1355 2024 καθυλικη

136 2060 311 2141 ύτσττοττίιγ,
327 2059 486 2143 άτισκύψοι
501 2081 533 2121 τι
548 2063 602 2121 καί
617 2058 774 2142 ἀνακρίσει
790 2061 911 2143 ταύτης,
932 2055 1131 2142 ύαυκιίμτνυν
1147 2054 1239 2122 αύτύν
1254 2079 1287 2120 τι
1305 2061 1357 2120 τύν

136 2177 225 2260 ίτρία
240 2184 296 2242 καί
310 2181 363 2242 τύν
374 2187 510 2242 τοιοῦτον
524 2181 606 2241 ναύν.
622 2175 641 2262 ἡ
659 2182 761 2261 μίντοι
774 2178 857 2260 λόγῳ
871 2179 1093 2260 κυβιρνησττυς,
1107 2179 1357 2260 ὲκκλησιαστικη

136 2297 370 2376 συγκαταβάστι
384 2318 416 2358 τι
435 2300 488 2358 καί
508 2297 729 2380 φιλανθρωπία,
744 2299 922 2378 κατίχσυσα
936 2304 987 2357 νῦν
1003 2296 1054 2357 τύν
1069 2289 1161 2356 αύτύν
1176 2297 1262 2358 ύτίσν
1273 2296 1356 2368 ναύν,

135 2399 277 2494 κυρᾶζ...
292 2411 313 2497 η
327 2411 539 2478 Ἀῦινιάτισσα
562 2415 614 2476 διὰ
635 2415 670 2475 τύ
692 2414 819 2496 ψάλλειν
840 2417 914 2474 τυτῦ
937 2411 968 2476 ίν
984 2409 1068 2495 αύτηῑ
1084 2415 1134 2475 τὸν
1158 2410 1252 2496 αύτης
1267 2415 1354 2476 θτιυν

132 2529 220 2614 ἱτρύα
241 2534 292 2594 τύν
314 2530 547 2616 Μαγγανύίριον
565 2529 684 2608 ἐκεῖνον
706 2527 822 2615 ίιρτίλτι
845 2529 942 2612 ύχτιν,
977 2535 1069 2614 μίχρι
1102 2528 1140 2594 ἂν
1162 2530 1194 2595 ἒν
1215 2532 1291 2614 τῷῦι
1306 2532 1357 2614 ,τῷ

132 2649 192 2732 βίη»
212 2659 315 2733 ττριη,
337 2645 411 2712 ὅσον
433 2645 494 2731 ἁμα
515 2651 569 2711 καί
591 2647 658 2731 τῖχτ
679 2650 824 2730 κρύττμον
846 2645 882 2710 ἐκ
905 2655 958 2710 τοῦ
984 2647 1190 2733 τίσυῦημάτος
1212 2657 1265 2712 τοῦ
1287 2670 1355 2711 τοι·
1422 2627 1423 2632 ¹

133 2769 226 2844 ούτυυ
239 2775 334 2830 ναοῦ.
349 2763 399 2830 λκί
419 2767 538 2836 τούτοις
559 2767 625 2848 γάρ
639 2769 694 2828 καί
707 2769 742 2828 τύ
756 2766 854 2848 ταρύν
868 2763 1015 2849 ἡμίτομον
1031 2769 1299 2850 γτγονύςγράμμα
1313 2761 1355 2851 τῷ

131 2887 240 2969 οἰκοίη
255 2887 298 2969 τῷ
316 2883 455 2968 κραταιηῐ
475 2887 530 2948 καί
551 2881 629 2965 ἁγίιρ
650 2879 736 2966 ἡμῶν
758 2879 893 2965 αύίλύντη
915 2888 970 2946 καί
992 2883 1121 2964 βασιλτί,
1138 2893 1195 2968 κῦρ
1210 2884 1353 2969 Γτσργίιρ

131 3006 176 3088 τῷ
187 3003 417 3087 Πτταγιιμύιιρ,
438 3007 492 3065 καί
513 3005 602 3064 καντί
624 2999 665 3084 τῷ
686 3005 771 3083 μίρτι
792 2997 886 3063 αότοῦ
909 2999 1082 3065 ίτιῦίῦοταιι
1103 3001 1147 3075 τίς
1170 3000 1352 3088 ἁσράλιιαν.

219 3126 240 3198 †
271 3120 384 3204 Μηνὶ
418 3120 640 3201 νοτμβρίιρ
675 3117 753 3180 iva.
790 3123 964 3203 τρίτης,
1000 3121 1129 3193 ἔτους
1161 3142 1225 3205 Ιςτυ
1257 3145 1351 3187 τισ-

132 3245 425 3322 σαρακοστοῦ
457 3240 623 3318 τρίτου.
667 3234 763 3318 τίχτ
798 3219 874 3298 καί
911 3235 1171 3324 ύτογραρην
1228 3237 1353 3304 ὁσα-

128 3358 322 3421 κτλλίυυ
363 3365 439 3438 τῆς
479 3353 734 3436 ἁγιωτάτης
777 3356 979 3440 μιγάλης
1018 3364 1093 3419 ιυῦ
1134 3361 1244 3421 ίλισῦ
1285 3359 1352 3422 λκ-

131 3478 332 3561 κλησίας
374 3471 451 3536 καὶ
494 3473 779 3556 σκτυοφύλαί
822 3481 895 3534 τοῦ
939 3471 1132 3551 τύαγοῦς
1176 3478 1350 3557 βαστλυ

129 3604 211 3658 κοῦ
247 3596 416 3677 κλήρου
452 3591 598 3662 Καλύς
635 3586 854 3662 διάκονος
890 3589 908 3654 ἁ
944 3591 1174 3676 Τρικανάς
1210 3599 1240 3673 †.

421 3775 573 3841 cccxn.
595 3777 677 3840 6879
693 3777 804 3855 (1371)
819 3775 908 3840 maio.
924 3775 988 3841 ind.
1003 3779 1062 3843 lx.

129 3919 305 3974 Ραίτίαττύα
329 3921 460 3978 dom-nit.
494 3920 688 3971 monasterium
717 3936 737 3971 a
765 3919 896 3974 monacho
922 3919 1036 3976 calliaco
1060 3920 1245 3992 demoliendas
1274 3927 1353 3996 αρτιά

440 4033 600 4090 uomicam
619 4037 756 4088 τοοάίτιιτυ
771 4054 827 4092 σασα
837 4041 1041 4108 patriarchale.

213 4180 508 4261 γΣιγίλλιυν
543 4167 882 4264 τταιτριαρχικύύ
916 4183 987 4249 λτί
1027 4193 1355 4274 σταυρυττηγίιρ

125 4297 447 4382 κατριαρχιιιιρ
492 4301 590 4378 περί
633 4300 706 4358 τῦν
749 4297 1001 4366 Μιλίνικον
1050 4303 1350 4389 ἁντγτρῦίντι

124 4422 242 4501 ταρὰ
286 4423 359 4479 ταῦ
399 4415 677 4496 τιμιωτάτου
719 4413 763 4476 ὲν
804 4431 1027 4503 μοναχυίς
1067 4431 1147 4506 κῦρ
1187 4422 1349 4489 Καλλί-

125 4558 232 4603 στου
269 4541 344 4598 τοῦ
376 4531 705 4614 Ἀγγτλικυύύη
737 4537 766 4608 †.
