3314 5266
1312 359 1377 422 549

141 539 239 624 φοχῇ·
263 539 292 603 εί
313 542 373 622 γάρ
396 535 445 604 izi
466 559 508 622 τηε
527 542 653 623 παρόντι
674 545 821 625 κριτηρίιρ
843 539 1005 624 ἱστάμενος
1039 538 1118 605 οδπω
1141 544 1299 628 φοβοῦμαι
1319 549 1376 608 καί

140 663 246 744 τρόμοι
279 661 334 724 καί
365 659 420 744 την
441 662 553 744 ,φοχὴν
583 655 681 744 αότὴν
713 660 827 744 σχεδόν
850 659 1079 746 ἀποβάλλομοιι,
1102 666 1131 724 τί
1152 659 1220 726 τοτ’
1243 659 1281 727 ἂν
1314 661 1377 748 ἄρα

141 783 198 841 καί
219 780 324 854 πάθει,
347 774 398 842 ὅτε
419 775 463 863 τῷ
483 776 647 863 ὰδεκάστιρ
669 789 758 864 κριτῇ
779 783 1030 865 πμραστήσομαι,
1063 781 1155 864 δίκην
1187 781 1294 845 διόσων
1317 791 1382 846 τῶν

141 893 215 982 παρ’
238 896 315 981 όμοῦ
335 900 571 982 πεπραγμίνων;
593 900 707 975 τοῦτον
728 865 823 961 όνεκα
849 896 956 984 ἀληθῆ
979 903 1018 962 τό
1038 904 1123 983 παρὰ
1145 907 1199 963 τοῦ
1220 899 1379 984 Σοροποό-

139 1021 200 1082 λοσ
222 1026 319 1081 ταῦτα
340 1017 521 1102 λαληθόντα
542 1014 696 1102 όμολογῦ,
718 1021 774 1082 καί
795 1029 833 1104 τῇ
850 1031 975 1105 μοναχῇ
996 1021 1094 1105 ταότη
1118 1024 1376 1107 σονεφθειρόμην,

141 1142 277 1203 καὶτοῦ
300 1135 433 1222 ίμβρόοο
455 1137 575 1201 όκείνοο
598 1139 707 1223 φονεός
730 1135 822 1210 αότός
849 1136 1015 1217 όγεγόνειν,
1038 1144 1093 1204 καί
1118 1149 1171 1202 νῦν
1192 1140 1255 1227 ἤδη
1276 1163 1378 1224 προσ-

143 1263 279 1342 όρχομαι
300 1261 356 1321 καί
377 1256 583 1321 άνακαλόπτω
606 1260 640 1321 τό
672 1260 791 1333 πάθος,
822 1261 879 1322 καί
910 1268 981 1334 πᾶν,
1015 1256 1090 1344 ὅπερ
1115 1270 1178 1332 τοῖς
1210 1258 1302 1344 ίεροῖς
1323 1265 1380 1332 καί

141 1383 245 1450 θείοις
266 1381 378 1442 κανόσι
398 1382 454 1442 καί
476 1374 544 1461 όμῖν
565 1379 660 1456 δοκεῖ,
683 1379 909 1462 διαπράξασθε.
931 1387 1030 1442 ταῦτα
1051 1389 1105 1445 τοῦ
1130 1391 1219 1444 ιιαπᾱ
1242 1380 1377 1467 Ἰωάσαφ

139 1496 241 1570 οότως
264 1496 482 1576 ἀνενεγκόντος
503 1495 524 1584 ἡ
546 1501 622 1562 θεία
646 1499 774 1572 σύνοδος
808 1497 876 1582 ἅμα
902 1498 944 1584 τῷ
964 1503 1188 1584 παναγιωιάτμ
1210 1497 1297 1585 ἡμῶν
1320 1501 1376 1563 δε-

138 1620 256 1702 ·σπόιη,
290 1617 333 1702 τῷ
354 1617 557 1702 οίκοομενικῷ
576 1621 766 1702 πατριάρχη,
790 1615 983 1705 ἀποφήνατο,
1016 1621 1113 1704 μόνης
1135 1629 1190 1704 τῆς
1211 1618 1378 1705 ἱερωσόνης

141 1746 252 1802 τοῦτον
287 1734 549 1822 ἀπογομνιεθηναι
587 1741 642 1801 καὶ
678 1736 721 1810 εἰς
743 1735 865 1801 ἅκαντα
886 1740 925 1801 τὰ
946 1735 1017 1821 παρ’
1051 1733 1145 1802 αὐτοῦ
1178 1739 1378 1824 εολμηθίντα

143 1859 241 1942 μόνην
264 1858 378 1940 ταότην
401 1855 541 1940 ἀρκετὴν
557 1857 635 1920 εἶναι
656 1859 711 1941 τόν
732 1862 892 1940 τιμωρίαν,
914 1855 1078 1941 όκειδητερ
1099 1853 1159 1920 οῦκ
1182 1855 1243 1920 ἀπὸ
1266 1865 1378 1942 μικροῦ

142 1995 226 2046 τινος
249 1974 480 2060 ἀπηλλοτρίωτο
504 1973 690 2060 ἀξιώματος,
725 1974 806 2040 άλλίι
828 1983 882 2039 τοῦ
898 1975 1060 2059 -ἱερατικοῦ
1086 1980 1287 2058 σεμνάμοιεος
1309 1975 1377 2051 ἑξό-

140 2115 235 2158 πεσεν
269 2091 513 2179 όταλαίκωρος,
545 2105 599 2158 τοῦ
621 2103 718 2180 χοροῦ
741 2105 799 2158 πεῖν
823 2094 927 2178 ἱεράων
950 2095 1129 2180 ἀπετμήθη,
1162 2099 1218 2158 καί
1252 2099 1377 2179 μακράν

134 2212 298 2299 -ἀπερρίφη
320 2223 375 2299 της
397 2215 498 2300 δόξης,
520 2215 558 2300 ἣν
581 2213 658 2300 εἶχε,
680 2218 736 2277 καί
758 2221 812 2276 τοῦ
826 2214 943 2278 κολλοῦ
960 2213 1142 2297 ἀξιώματος
1166 2217 1242 2298 γονή
1258 2237 1304 2287 τις
1318 2225 1379 2278 τῶν

141 2333 308 2410 πλουσίων,
323 2332 527 2420 Ἐίωτροχῖνα
548 2336 737 2420 καλοομίνη,
760 2333 858 2418 ἄνδρα
879 2335 985 2416 λαβεῖν
997 2333 1149 2417 όβοόλετο
1166 2345 1224 2398 τῶν
1238 2332 1379 2410 όνδόξειν,

140 2451 335 2538 κάκειδηεερ
357 2449 415 2516 οόκ
437 2453 587 2538 ίτόγχαντ
609 2463 663 2535 τρῦ
684 2457 895 2538 τοθοομίνοσ,
922 2450 1053 2536 όπιρδαῖς
1075 2451 1132 2517 καὶ
1154 2459 1299 2536 μαγείαις
1322 2452 1377 2516 u-

144 2575 240 2636 κόααι
262 2581 368 2635 τοῦτον
391 2571 597 2658 ιλπενοήσατο,
619 2578 673 2650 καί
696 2576 855 2657 μαθοῦσα,
879 2570 921 2645 ῦς
943 2571 961 2636 ό
982 2583 1087 2654 πακάς
1102 2572 1259 2655 Ἰάκωβος,
1282 2569 1304 2636 δ’
1322 2582 1378 2658 της

145 2693 384 2777 Ἀμαρανθίνης
403 2691 540 2780 ἱκείνης,
563 2693 681 2779 εἴδησιν
704 2693 786 2777 ἔχων
809 2691 859 2764 είς,
874 2699 972 2754 ταῦτα
994 2696 1049 2755 καί
1059 2704 1167 2776 πεῖραν
1179 2692 1304 2780 ἀκριβῆ,
1326 2696 1383 2773 γιαό

143 2809 224 2902 αότρ
258 2813 431 2898 βοηθήσειν
452 2811 548 2897 ἀἴπερ
561 2887 564 2892 Ι
578 2835 624 2886 τις
644 2811 686 2875 δίι
699 2832 782 2888 σεαιγ
804 2811 1012 2896 διιμηνόσατο
1039 2813 1160 2896 κρότῳ,
1191 2815 1247 2876 καί
1281 2808 1378 2876 αότοῦ

141 2935 219 3016 πρός
242 2933 296 3016 την
319 2931 421 3020 οὶκίαν
444 2928 539 3018 αόεης
560 2935 831 3016 παραγεγονότος,
848 2927 925 3016 αῦτη
947 2935 1000 2995 τόν
1026 2935 1143 2997 σκοπόν
1164 2927 1259 3018 αότῆς
1276 2931 1376 3005 ίξεῖπε

143 3057 200 3116 καί
223 3053 409 3136 διηγήσατο,
430 3057 487 3116 καί
508 3049 662 3136 όπόρπορα
682 3057 772 3115 τόντε
794 3047 877 3136 αὐτῷ
898 3049 1059 3134 ίδεδεόκει,
1082 3056 1137 3116 καί
1162 3049 1256 3135 ότιρα
1276 3072 1383 3134 παρα-

142 3183 228 3256 σχεῖν
251 3167 425 3254 ὑπεσχίθη,
447 3175 503 3234 καί
525 3173 653 3253 βεβαίαν
676 3171 771 3253 ἔλαβε
792 3175 879 3255 παρὰ
899 3173 1007 3236 τοῦτοο
1025 3171 1246 3258 πληροφορίαν,
1269 3175 1324 3234 καί
1346 3171 1379 3236 ἰν

142 3289 260 3354 όλπίσιν
282 3286 321 3374 ἠν
343 3286 490 3367 ἀγαθαῖς·
513 3286 555 3362 ιδς
577 3289 612 3354 δὲ
634 3287 653 3354 ,ό
674 3273 779 3362 παπάς
800 3288 949 3370 Ἰάκωβος
973 3294 1011 3353 τὰ
1034 3285 1189 3374 όπόραορα
1210 3291 1380 3374 δεξάμενος

142 3383 281 3496 ἀπηλθε,
314 3413 370 3473 καί
402 3406 590 3491 όδιάβολος
612 3408 671 3474 οόκ
690 3410 812 3495 ἴσχυσε,
834 3413 890 3472 καί
912 3405 929 3472 ό
952 3412 1064 3494 χρόνος
1085 3412 1277 3494 παρηρχετο,
1300 3405 1380 3494 αῦτη

141 3533 184 3614 τῷ
213 3527 305 3612 κακᾷ
329 3527 466 3613 Ἰακάβφ
500 3529 553 3592 διά
585 3551 666 3601 τινος
699 3533 794 3614 γραός
817 3526 938 3614 ίμηνοε,
961 3531 1016 3591 καί
1037 3531 1077 3590 τά
1099 3525 1254 3611 όπόρπορα
1277 3525 1381 3610 όίὴτει

142 3648 404 3733 ἐςγανακτὴσασα,
427 3645 444 3711 δ
466 3649 501 3720 δδ
524 3645 686 3734 ὑπίσχετο,
708 3633 823 3732 καΓτῇ
846 3651 969 3725 γοναικί
991 3647 1107 3726 ίλεγεν·
1124 3645 1190 3708 τίπό
1213 3657 1251 3732 τῇ
1274 3653 1378 3728 κορίφ,

144 3771 187 3854 μὴ
212 3765 408 3846 ἀγανακτεῖν,
424 3768 511 3870 μηδό
537 3765 685 3852 ἀθομεῖν,
719 3763 787 3831 ἀλλ’
810 3765 884 3852 ὅπερ
908 3773 1004 3852 ζητεῖ,
1035 3770 1201 3851 γενήσεται
1223 3763 1288 3849 μετ’
1311 3763 1381 3830 ολί-

144 3907 209 3966 γον.
221 3907 343 3971 καιροο
366 3883 418 3950 οὖν
440 3887 586 3950 αλείστοο
607 3889 845 3972 παρῳχηκότος,
868 3885 1034 3971 ἰκειδήπερ
1053 3884 1135 3949 εἶδεν
1150 3881 1255 3970 όκείνη
1270 3895 1381 3948 τοῦτον

145 4007 243 4090 μηδὲν
277 4003 464 4090 ὠφελοῦντα,
498 4008 746 4091 κατηγορήσασα
767 4007 876 4069 τοῦτου
899 4007 940 4089 τῷ
962 4004 1143 4088 Σοροκοῦλιρ
1166 4004 1386 4088 διεμηνῦσατο,

142 4132 200 4190 καί
222 4127 352 4210 την-τοῦ
375 4137 463 4190 κατα
485 4125 635 4210 Ἰακώβου
656 4131 866 4212 κακοτεχνίαν
889 4125 1054 4211 ἐδήλωσεν.
1076 4128 1132 4187 καί
1154 4119 1383 4208 όΣορόκοολος

145 4257 243 4312 ταῦτα
264 4251 340 4332 πρός
363 4249 417 4332 τὴν
440 4246 524 4332 ἱερὰν
546 4252 601 4312 καί
621 4251 713 4312 θείαν
737 4247 834 4322 όξτῖπε
857 4249 995 4311 σόνοδον.
1018 4247 1195 4330 διεμηνόθη
1210 4250 1311 4308 τοίνυν
1325 4249 1383 4308 καί

145 4365 163 4434 ό
185 4379 291 4454 παπσῖς
310 4367 466 4451 Ἰάκωβος,
489 4373 545 4432 καί
566 4371 814 4454 παραγενόμενος
836 4371 890 4432 καί
911 4367 1025 4432 τοῦτον
1047 4369 1169 4430 πάντων
1191 4363 1314 4430 ἀκοῦων
1337 4361 1385 4427 εἶ-

150 4509 214 4566 πεν,
248 4485 291 4559 ὧς
325 4486 449 4574 ἀπῆλθε
469 4493 538 4572 μῦν
562 4488 606 4560 είς
628 4491 683 4572 τὴν
706 4497 760 4572 τῆς
782 4485 1004 4572 Ἐξωτροχίνης
1037 4485 1154 4560 οίκίαν,
1189 4481 1231 4556 ὣς
1265 4483 1300 4546 δί
1333 4486 1387 4548 τόν

134 4613 264 4674 σκοπόν
288 4605 382 4694 αότῆς
404 4605 547 4693 ἤκουσεν,
581 4605 628 4672 ὅτι
651 4604 708 4673 οῦκ
730 4605 767 4694 ἠν
791 4605 930 4694 εὐσεβὴς,
964 4619 1068 4686 οογεῖν
1092 4603 1269 4691 ἱβοολήθη,
1300 4599 1380 4690 ἡδί
