3258 5282
1252 313 1310 372 431

97 508 155 552 σαν
182 493 220 552 τά
256 493 322 572 περὶ
359 501 412 573 της
450 494 624 574 συμφωνίας
653 493 707 552 ταί
732 491 952 560 καταστάσεως
978 499 1034 552 τῶν
1072 511 1105 552 τε
1131 489 1312 554 Γεννουιτῶν

96 613 153 668 παί
175 607 336 684 Βενειτῶν,
360 601 440 678 ύπως
462 631 494 670 τε
521 611 671 691 προυὴαει
696 615 896 691 προχωρῆσαι
924 601 1017 692 αότην
1040 599 1097 670 ’παὶ
1122 613 1203 672 ιιατά
1228 621 1313 672 ποῖον

98 725 137 806 δὴ
162 729 272 807 τρόπον
296 723 558 809 ἀποκαταστῆναι,
581 722 627 810 ἐρ’
651 723 676 809 ηί
697 721 842 807 οόδεμίαν
865 720 994 808 ὄχλησιν
1015 729 1070 788 καί
1092 729 1203 810 ζημίαν
1226 730 1313 801 γινό-

96 843 177 906 σθαι
199 853 260 912 τοῖς
281 841 451 925 Ῥωμαίοις.
474 844 586 905 τούτων
609 838 660 904 σύν
682 838 761 905 υύτω
783 843 957 926 λεχθίντων
972 843 1135 926 διωρίσατο
1156 847 1212 905 παί
1234 839 1312 906 ἀπε-

94 961 255 1044 λογήσατο
276 959 332 1022 παὶ
352 957 372 1045 ἡ
396 959 470 1038 ἁγία
492 981 550 1044 μου
572 961 729 1033 δίοπυινα,
756 957 810 1024 ὅτε
826 961 1040 1044 Ιδιδ-διανοίας
1066 959 1212 1045 ὀξυτάτης
1235 958 1313 1024 ούσα

93 1081 150 1140 καί
175 1080 331 1162 συνδρομη
356 1089 463 1142 πασῶν
489 1089 549 1143 των
573 1083 706 1163 χαρίτων
731 1084 785 1142 καί
799 1083 975 1164 φρονήσεως
996 1077 1041 1144 ἀπ’
1064 1077 1158 1162 ἀειρὸν
1180 1077 1311 1163 ἥκουσα,

93 1206 133 1278 τη
156 1204 211 1258 τού
233 1199 311 1259 θτυϋ
333 1200 444 1280 χάριτι,
467 1193 582 1280 ὅσαπερ
605 1196 716 1279 όμελλι
737 1201 792 1260 καί
812 1194 832 1282 ἡ
856 1195 931 1274 ἁγία
945 1199 1087 1279 βασιλεία
1103 1220 1157 1262 σου
1171 1206 1312 1282 παροῦσα

96 1312 237 1378 ἐνταῦθα
258 1315 467 1398 διορίσασθαι,
492 1315 512 1378 ἀ
534 1316 612 1399 δῆτα
633 1321 688 1378 τισί
703 1315 845 1398 όστερξαν
867 1322 925 1379 καί·
943 1316 972 1379 οἱ
993 1327 1047 1401 τῆς
1067 1317 1239 1402 σογπλητου
1253 1316 1311 1399 ἀρ,

93 1451 214 1514 χοντες.
235 1434 310 1514 πρός
331 1434 401 1502 τούς
420 1430 472 1497 υύν
487 1433 558 1504 τούς
573 1435 727 1502 τοιούτους
748 1433 868 1509 λόγους,
884 1431 962 1515 ἅπερ
978 1431 1196 1518 ἀπελογήσατο
1216 1431 1236 1519 ἡ
1253 1456 1310 1516 με·

95 1553 219 1632 τριότης
240 1548 335 1634 ἡμῶν,
362 1555 551 1614 συντείνοντα
574 1550 617 1621 τίς
639 1553 782 1614 σύστασιν
804 1549 859 1613 παὶ
881 1549 1039 1636 ὠρίλειαν,
1069 1553 1122 1615 σύν
1149 1551 1229 1634 θεῷ,
1257 1561 1310 1636 της

95 1667 259 1745 βασιλείας
288 1671 342 1730 παί
364 1677 422 1732 τῶν
443 1667 610 1750 Ῥωμαίων,
633 1670 729 1730 ταῦτά
751 1665 828 1731 ἐστι·
850 1677 967 1750 πρῶτον
991 1673 1055 1751 μὲν,
1082 1669 1235 1752 διαμένιιν
1257 1671 1310 1752 τήν

93 1791 147 1846 τσό
182 1787 261 1847 θεοῦ
284 1783 453 1868 ἐπαληοίαν
476 1785 632 1869 ἀτάραχον
657 1789 712 1850 παί
734 1785 791 1859 ἐξω
821 1789 923 1868 πάσης
954 1783 1133 1870 ἡστινοσοῦν
1165 1785 1311 1874 ἐπηρείας

93 1909 146 1982 τῆς
170 1899 233 1964 ἀπό
255 1911 313 1964 τῶν
334 1904 494 1970 λατινιιιύν
516 1907 696 1987 ιιινοομόνης
717 1904 887 1986 δογμάτων·
911 1911 999 1965 τούτο
1021 1903 1055 1972 δέ
1078 1902 1197 1986 είρηιιιν
1216 1901 1236 1988 ἡ
1253 1927 1309 1986 με·

96 2021 222 2100 τριύτης
238 2016 323 2103 ἡμῶν
339 2016 400 2102 ούχ
414 2009 460 2083 Ιὅτι
475 2019 576 2090 ἄλλως
589 2015 710 2103 ἡγεῖται
724 2021 777 2104 τήν
800 2017 891 2095 ἁγίαν
906 2019 1064 2100 βασιλείαν
1080 2041 1134 2082 σου
1149 2019 1216 2103 περὶ
1237 2023 1310 2083 τού-

93 2156 150 2198 των
174 2137 272 2219 ἔχειν,
294 2139 390 2200 πάλαι
412 2143 471 2220 γάρ
493 2138 557 2201 οἶδα
572 2139 683 2222 ταύτην
698 2137 887 2221 ἐμμίνουσαν
902 2143 958 2221 μὲν
980 2149 1041 2209 τοῖς
1061 2137 1212 2221 πατρῴοις
1233 2141 1308 2214 δόγ-

93 2275 168 2336 μασι
203 2259 258 2318 τισί
289 2255 506 2339 ἐστηριγμίνην
542 2255 574 2318 ἐν
606 2257 724 2327 τούτοις
751 2260 881 2332 παγίως,
915 2253 1147 2320 ἀποδαύπουσαν
1179 2257 1217 2339 δὴ
1245 2267 1308 2328 ,πᾶν

95 2371 256 2454 ἀλλότριον
278 2373 378 2456 δόγμα
400 2378 454 2436 καί
477 2375 571 2440 νόθον
596 2383 649 2457 τῆς
677 2383 730 2438 τού
756 2377 834 2437 θεοῦ
861 2371 1045 2458 ἐκκλησίας,
1073 2371 1155 2436 ἀλλά
1180 2375 1232 2436 διὰ
1254 2378 1308 2446 τὰς

95 2487 262 2574 ὑπολήψεις
283 2513 316 2554 τι
338 2495 392 2554 καί
415 2487 553 2574 ύπυρίας,
576 2492 614 2561 ἀς
636 2491 759 2574 ἔχουσιν
779 2491 807 2554 υί
821 2492 939 2554 πολλοί.
962 2493 1112 2573 δεύτερον,
1129 2493 1178 2554 ἐπί
1192 2494 1309 2582 τούτοις

95 2610 191 2692 μηδίν
220 2620 279 2674 τόν
306 2607 510 2694 ύπυιιειμίνων
538 2621 574 2694 τῇ
602 2611 745 2690 βασιλεία
760 2613 824 2672 παὶ
851 2619 912 2680 τοίς
939 2607 1098 2691 Ῥωμαίοις
1123 2615 1307 2693 πραγμάτων

96 2721 151 2788 ύπό
176 2727 317 2801 ἐξουσίαν
339 2728 447 2810 ἐτέρων
469 2737 605 2811 ποιῆσαι.
631 2734 738 2810 τρίτον,
763 2730 856 2812 μηδὲν
882 2727 984 2810 ότερον
1004 2731 1186 2810 προσθεῖναι
1206 2733 1307 2814 περά-

96 2845 182 2908 λαιον
205 2851 317 2929 μεῖζον,
344 2847 506 2930 ἐπειδήπερ
533 2845 565 2909 ἐν
590 2849 689 2930 πολλη
714 2852 769 2910 καί
797 2847 918 2930 μεγάλη
945 2844 1046 2927 ἐνθείη
1071 2853 1125 2908 παί
1152 2849 1307 2910 ταλαιπω-

96 2966 144 3042 ρία
175 2967 232 3025 οιαὶ
259 2969 446 3046 στενοχωρίᾳ
472 2967 509 3026 τά
535 2974 592 3028 τῶν
617 2963 774 3046 Ῥωμαίων
802 2963 885 3027 εἰσίν.
912 2965 987 3046 πρός
1011 2965 1129 3034 τούτοις
1161 2967 1308 3040 γτνέσθαι

94 3083 147 3140 ταί
167 3081 223 3162 τὴν
246 3079 367 3163 ἀγάπην
389 3078 492 3150 ἁπλῶς
514 3079 586 3144 ἀνευ
608 3077 701 3162 ύρειου
723 3083 812 3154 τινός,
836 3077 864 3142 οἱ
886 3084 944 3160 γὰρ
966 3088 1020 3161 τῆς
1039 3079 1130 3155 ἁγίας
1150 3081 1309 3161 βασιλείας

98 3217 150 3257 σου
172 3199 261 3273 λόγοι
283 3201 336 3260 οιαὶ
357 3196 476 3281 θρισμοί
498 3200 549 3260 διὰ
571 3207 625 3280 τῆς
646 3207 699 3260 τού
721 3200 798 3260 θεού
821 3200 947 3280 χάριτος
972 3199 1006 3259 τύ
1026 3197 1152 3280 ίσχυρόν
1178 3202 1233 3262 καί
1254 3201 1308 3279 βό·-

100 3314 186 3392 βαιυν
211 3313 330 3397 ἔχουσι,
353 3319 407 3378 παί
429 3311 486 3378 σόοι
510 3314 680 3400 ἀσφαλείας
702 3311 799 3396 ύριιων
822 3316 951 3376 δέονται.
975 3322 1071 3376 ταῦτα
1093 3317 1310 3396 συνεβούλευσε

99 3435 150 3492 καί
172 3431 332 3516 στίργειὴ
362 3437 520 3516 μετριότης
544 3429 639 3516 ἡμων,
666 3431 783 3515 ἡγεῖται
809 3432 843 3493 δὲ
866 3436 919 3494 καί
939 3435 1039 3494 πάντα
1064 3436 1247 3516 χριοτιανόν,
1270 3437 1308 3495 τὰ

99 3558 155 3611 τῶν
178 3548 335 3632 Ῥωμαίων
362 3552 546 3634 βουλόμινον
574 3551 777 3624 συνίστασθαι
806 3551 971 3632 πράγματα
996 3555 1050 3614 καί
1075 3553 1129 3634 τὴν
1156 3548 1308 3632 ἀληθειαν

99 3664 319 3750 ἀοπαίόμινον,
343 3667 499 3732 ἐπαινέσαι
521 3689 553 3730 τε
576 3675 671 3729 ταῦτα
689 3672 743 3730 καί
758 3665 978 3742 ἀποδέξασθαι.
1001 3672 1104 3752 κύριος
1126 3666 1142 3730 ό
1165 3671 1240 3738 θεὸς
1262 3669 1309 3754 εἴη

99 3785 247 3871 διατηρῶν
269 3787 324 3850 ταὶ
344 3797 549 3872 πτριρρουριδν
575 3787 627 3869 τὴν
654 3784 743 3862 ἁγίαν
771 3787 928 3868 βασιλείαν
957 3809 1012 3854 σου
1040 3784 1232 3866 ὑγιαίνουσαν
1255 3791 1309 3850 τισί

101 3899 293 3988 ιύθομοόσαν
326 3911 379 3968 καί
413 3904 567 3986 ἀνωτέραν
592 3907 704 3975 παντὸς
730 3903 855 3988 ἀνιαρυύ
883 3908 1110 3988 συναντήματος
1132 3905 1174 3976 εἰς
1206 3909 1308 3969 ειοινόν

101 4031 155 4084 τῶν
176 4022 333 4106 Ῥωμαίων
355 4021 474 4107 όρελος,
502 4028 556 4086 ιιαί
578 4028 741 4106 χαρίσαιτο
768 4019 860 4106 αύτην
890 4027 968 4105 μετὰ
994 4027 1048 4084 καί
1075 4033 1127 4107 τῆς
1153 4026 1310 4107 παρούσης

101 4144 151 4202 ιιαί
171 4144 225 4225 την
248 4140 279 4202 ἐν
302 4139 439 4221 ούρανοίς
460 4146 514 4204 ταί
536 4140 578 4211 εἰς
601 4140 647 4206 ἀτί
670 4143 870 4225 διαμένουσαν
895 4141 1052 4221 βασιλείαν
1075 4147 1103 4217 †.
