3258 5282
308 291 476 354 ⁴08*

309 475 390 540 ἀλλά
412 480 466 540 καί
487 485 545 540 τόν
567 473 691 538 ίδιωτῦν
715 473 800 549 δνιοι,
822 471 860 536 δι’
883 471 937 544 οῦς
958 477 1013 537 καί
1034 475 1307 556 σονεκροτήθησιτν
1328 469 1360 535 όν
1381 469 1423 554 τῷ
1446 475 1517 534 θεε-

307 598 467 682 φροορήτιρ
488 596 626 677 ταλατίιρ
658 593 781 657 σύνοδοι
806 595 1056 676 μεγαλοπρεπεῖς,
1083 594 1238 674 παρόντιεν
1263 601 1321 655 τῶν
1348 599 1403 675 ιής
1429 589 1519 670 ἀπαρ-

307 719 381 800 χίας
396 718 519 795 ,πάντων
542 712 718 798 ἀρχιερόων,
742 710 823 776 ἀλλά
844 715 898 776 καί
918 722 977 776 τῦν
990 710 1214 793 Βαρλααριιῦν
1234 704 1519 791 τοῦτωνύεεριιεο-

307 834 500 916 λογοομίνιον
523 841 577 916 τής
599 831 716 903 οἰκείας
738 831 928 912 δυσσεβείας,
949 835 1005 894 καί
1026 839 1181 916 γραφικῦν
1202 832 1343 913 χρήσεων
1366 827 1410 899 εἰς
1433 832 1522 910 μίσον

306 955 514 1036 προτεθεισιῦν
535 951 774 1028 τῦν·θεολόγων
795 954 850 1014 καί
871 948 966 1027 άγίων
988 947 1109 1031 ἀνθριῦν
1142 946 1336 1034 ἀνεφάνησαν
1350 942 1446 1010 -ούτοι
1465 967 1523 1009 κα-

307 1067 431 1142 κόδοεοι
453 1074 508 1133 καί
530 1069 679 1151 αἱρετικοί
698 1069 857 1153 πρόδηλοι,
880 1065 1030 1132 ἀθετοῦσι
1052 1070 1111 1148 γάρ
1133 1067 1187 1150 τήν
1207 1069 1298 1130 θείαν
1319 1069 1374 1128 καί
1395 1065 1524 1149 φυσικήν

308 1187 462 1271 ἐνάργειαν
496 1190 549 1272 τήν
580 1189 685 1272 κοινήν
711 1197 765 1272 τῆς
792 1189 1030 1270 τρισοποστάτοο
1056 1189 1206 1271 θεότητος
1231 1190 1286 1248 καί
1309 1194 1413 1250 πάσαν
1438 1189 1526 1248 θείαν

308 1309 402 1390 χάριν
429 1311 484 1368 καί
510 1305 661 1390 όλλαμήιν
686 1309 740 1382 καί
766 1305 857 1378 δόξαν
884 1302 993 1388 αύτής,
1021 1307 1112 1386 μόνον
1138 1299 1253 1385 ούσίανΙ
1269 1307 1322 1366 τόν
1346 1305 1425 1367 θεόν
1454 1301 1527 1364 εἶναι

308 1425 553 1507 δογματίζοντες,
577 1421 780 1508 ἀστερημίνον
802 1433 856 1506 τῆς
875 1433 1006 1508 φοσικής
1021 1421 1184 1505 ἐνεργείας,
1200 1420 1238 1508 ής
1253 1421 1415 1506 ἱστόρηται
1428 1424 1465 1484 τό
1489 1421 1527 1502 μή

308 1537 352 1616 ἀν,
379 1544 461 1605 κατὰ
483 1543 534 1604 τόν
557 1544 596 1604 τά
615 1521 690 1604 θεία
712 1543 808 1628 σοφόν
828 1540 982 1625 Μάξιμον,
1006 1539 1189 1625 ἀκυροῦντες
1210 1545 1264 1604 καί
1285 1541 1340 1623 τήν
1361 1543 1455 1602 θείαν
1477 1541 1530 1600 καί

310 1657 526 1742 οἰκοομενικήν
557 1655 651 1741 ἕκτην
684 1660 822 1734 σύνοδον,
855 1661 908 1743 τήν
935 1655 1009 1741 ύτδρ
1037 1669 1095 1722 τῶν
1127 1658 1183 1722 δύο
1214 1667 1349 1744 φοοικῦν
1371 1653 1532 1738 δνεργιιόν

310 1773 542 1858 ἀγωνισαμόνην
574 1777 734 1859 λαμπρῶς,
762 1786 817 1862 τής
842 1799 875 1840 τε
901 1779 1003 1852 θείας,
1029 1775 1066 1860 ἣν
1099 1773 1184 1840 ούτοι
1210 1775 1379 1859 ἀρνοῦνται
1401 1779 1460 1836 καί
1481 1782 1534 1855 τῆς

310 1891 513 1977 ἀνθρωπίνης,
537 1893 753 1979 βλασφημοῦσι
779 1899 862 1958 κατὰ
887 1903 941 1958 τοῦ
963 1898 1127 1958 θειοτάτου
1149 1897 1248 1980 φωτός
1269 1904 1323 1978 τῆς
1349 1902 1403 1956 τοῦ
1424 1895 1534 1976 κορίοο
1606 1983 1607 1988 ¹

312 2014 586 2096 μεταμορφώσεως,
616 2011 751 2095 ἴνδαλμα
772 2016 827 2076 καί
849 2015 1014 2098 φάντασμα
1035 2016 1090 2075 καί
1110 2023 1213 2096 χείρον
1235 1997 1371 2094 νοήσεως
1393 2015 1449 2072 καί
1470 2031 1533 2072 κα·
1607 2057 1608 2066 ι

272 2153 278 2165 ’
312 2133 442 2211 τιότερον
464 2139 522 2192 τῦν
545 2127 693 2208 ἀγγέλων,
716 2131 914 2215 χρωματίσαν
936 2135 986 2194 τόν
1010 2129 1097 2215 ἀόρα,
1118 2137 1173 2195 καί
1187 2128 1265 2194 ούτω
1286 2131 1435 2194 διαλυθὲν
1451 2128 1532 2192 ἀπο·

310 2249 458 2312 καλοῦσιν
481 2246 594 2325 ἀθίως,
616 2254 670 2314 καί
691 2247 774 2335 ἡμᾶς
795 2253 866 2320 τούς
888 2252 1039 2334 διάκρισιν
1061 2255 1218 2334 θεοπριπή
1234 2253 1325 2320 θείας
1347 2243 1457 2319 ούσίας
1478 2253 1534 2310 καί

311 2363 467 2446 ἐνεργείας
488 2369 569 2429 κατὰ
591 2368 661 2438 τούς
684 2365 789 2445 ἀγίοος
810 2373 944 2450 πατόρας
966 2371 1020 2430 καί
1041 2367 1221 2446 θεολόγοος,
1249 2365 1294 2429 ότι
1317 2367 1350 2428 δά
1373 2370 1428 2428 καί
1450 2369 1534 2428 κατά

311 2484 364 2566 τήν
387 2482 598 2568 οἰκονμενικήν
620 2482 713 2568 ἕκτην
735 2481 870 2548 σύνοδον
884 2485 1124 2568 δογματίζοντας
1146 2487 1200 2548 καί
1221 2485 1256 2547 τό
1279 2495 1341 2569 φῦς
1361 2493 1415 2568 ιής
1441 2487 1533 2554 θείας

313 2606 576 2687 μεταμορφώσεως
598 2601 745 2666 ἄστικτον
767 2607 822 2666 καί
843 2603 1006 2687 ἀπρόσιτον
1032 2607 1087 2667 καί
1113 2605 1271 2684 βασίλειαν
1297 2607 1375 2666 θεοῦ
1397 2609 1452 2666 καί
1476 2605 1533 2684 βο-

312 2721 384 2782 λίδα
405 2725 555 2805 θεότητος
581 2721 816 2794 ἀποκαλοῦντας
843 2721 980 2794 διθεΐτας
1002 2728 1056 2786 καί
1080 2725 1254 2793 πολοθέοος
1274 2725 1533 2804 κατονοράξοοσι.

312 2838 365 2900 διά
387 2847 458 2914 γοῦν
482 2841 534 2922 τήν
556 2844 698 2924 τοιαύτην
720 2846 926 2926 συκοφαντίαν
947 2845 1001 2904 καί
1023 2841 1172 2922 διαβολήν
1194 2835 1291 2903 σύτῦν
1314 2843 1369 2900 καί
1393 2842 1429 2901 τό
1452 2841 1534 2920 βλα-

313 2969 441 3040 σφημεῖν
464 2955 711 3040 ἀνεροθριοίστως
737 2957 938 3042 ἐξηλάθησαν
966 2967 1019 3022 τοῦ
1042 2969 1100 3022 τιῦν
1122 2956 1296 3040 ἀρθοδόεων
1317 2958 1534 3040 πληρώματος,

311 3079 366 3136 καί
389 3072 561 3157 ἀναθεματι
583 3077 882 3161 καθοπεβλήθησαν,
906 3076 933 3140 ιί
955 3079 996 3161 μή
1019 3081 1151 3160 γνησίως
1166 3079 1404 3160 μετανοήσωσιν,
1421 3079 1534 3160 καθη-

314 3195 454 3274 ρύθησαν
476 3194 510 3256 δὲ
532 3199 586 3256 καί
609 3194 638 3258 οἱ
660 3194 823 3278 εἰρημένοι,
847 3192 864 3256 δ
887 3217 919 3258 τε
933 3195 1062 3280 Ἐφόσοο
1084 3197 1138 3256 καί
1159 3193 1176 3257 δ
1198 3193 1323 3268 Γάννοο,
1346 3191 1457 3266 οἵτινες
1478 3201 1534 3258 καί

312 3315 346 3374 τό
370 3315 424 3394 δήν
447 3309 658 3396 ἐξεμότρησαν,
682 3317 910 3398 στηριχθίντων
932 3323 1099 3397 τηνικαῦτα
1120 3317 1175 3374 καί
1190 3321 1247 3375 τῦν
1262 3308 1353 3388 ύγιῦν
1368 3314 1535 3396 δογμάτων

312 3430 365 3494 διὰ
387 3439 440 3494 τοῦ
461 3432 631 3512 προβάντος
654 3429 735 3514 ἱεροῦ
759 3435 920 3496 σονοδικοῦ
943 3437 1046 3516 τόμοο,
1070 3435 1290 3516 στηριχθέντος
1312 3453 1345 3493 τε
1359 3437 1415 3495 καί
1437 3429 1534 3498 αύτοῦ

310 3550 363 3611 διὰ
385 3561 442 3614 τῶν
465 3561 620 3635 γραφικῦν
642 3553 696 3612 καί
718 3553 907 3628 θεολογικῦν
931 3555 1081 3635 χρήσεων.
1104 3561 1158 3636 της
1180 3549 1232 3614 ούν
1259 3549 1349 3628 ἀγίας
1376 3561 1431 3615 τοῦ
1454 3552 1534 3634 Χρι-

311 3679 383 3747 στοῦ
415 3671 592 3754 καθολικής
625 3669 681 3732 καὶ
712 3669 917 3755 ἀποστολικῆς
941 3671 1112 3754 ἐκκλησίας
1145 3669 1369 3755 είρηνεοούσης,
1399 3671 1535 3752 Χριστοῦ

310 3790 429 3868 χάριτι,
462 3793 540 3860 τινίς
568 3801 626 3852 τιῦν
656 3789 820 3872 είρημίνων
845 3789 1069 3872 Βαρλααμιτῦν
1099 3784 1134 3852 ού
1160 3791 1309 3850 παύονται
1332 3793 1535 3870 παρεισάγειν

311 3908 348 3967 τὰ
381 3909 460 3968 νόθα
489 3912 543 3970 καί
570 3909 705 3991 δοσσιβή
731 3909 872 3990 δόγματα
898 3912 952 3970 καί
978 3909 1096 3971 διισταν
1122 3928 1205 3978 τινος
1231 3916 1288 3969 τῦν
1319 3905 1535 3992 ἀπλοοστίριν

310 4021 370 4084 ἀπὸ
393 4031 446 4107 τής
469 4023 648 4108 όκκλησίας,
671 4030 710 4088 τὰ
732 4023 811 4088 αύτόι
832 4025 867 4088 δὲ
892 4023 1064 4106 εὑρίσκεται
1085 4035 1179 4088 ποιιῦν
1201 4029 1256 4086 καί
1274 4023 1291 4088 ὁ
1308 4029 1535 4112 μητροπολίτης

310 4139 417 4224 Τύροο,
441 4141 633 4225 διιστάμενος
653 4153 707 4229 της
728 4141 815 4228 ήμῶν
831 4146 1036 4228 μετριότητος,
1058 4155 1210 4207 κοινωνῦν
1232 4145 1267 4206 δό
1288 4150 1342 4207 καί
1363 4151 1533 4228 προστιθέ-

257 4343 260 4350 .
312 4277 402 4340 μενος
436 4270 498 4328 τοίς
519 4259 701 4340 δοσσεβίσσι
723 4265 855 4338 τούτοις,
890 4259 964 4344 ὅπερ
986 4263 1127 4344 ταράττει
1152 4265 1190 4325 τά
1217 4266 1347 4344 μίγιστα
1381 4259 1478 4345 αύτήν
1500 4283 1533 4324 τε

308 4380 362 4438 καί
385 4377 438 4458 τήν
460 4372 643 4458 τεφὶιαύτήν
665 4382 755 4441 θείαν
777 4383 832 4442 καί
853 4378 937 4461 ἱερόν
960 4379 1096 4454 σύνοδον,
1119 4375 1156 4442 ού
1178 4383 1267 4464 χάριν
1289 4383 1344 4444 καί
1365 4379 1500 4463 δγραήεν
1513 4375 1548 4464 ή·

308 4497 469 4576 μετριότης
508 4491 593 4577 ἡμῶν
609 4523 612 4530 ’
630 4497 795 4570 οσνοδικῦς
831 4501 897 4578 περί
934 4499 1040 4560 τούτοο
1081 4499 1123 4581 τερ
1161 4497 1320 4581 ἀγιωτάτιρ
1356 4481 1532 4582 τατριάφχη
