<?xml version="1.0" encoding="UTF-8"?>
<!DOCTYPE html PUBLIC "-//W3C//DTD XHTML 1.0 Transitional//EN"
    "http://www.w3.org/TR/xhtml1/DTD/xhtml1-transitional.dtd">
<html xmlns="http://www.w3.org/1999/xhtml" xml:lang="en" lang="en">
 <head>
  <title>
</title>
<meta http-equiv="Content-Type" content="text/html;charset=utf-8" />
  <meta name='ocr-system' content='tesseract 3.04.00' />
  <meta name='ocr-capabilities' content='ocr_page ocr_carea ocr_par ocr_line ocrx_word'/>
</head>
<body>
  <div class='ocr_page' id='page_1' title='image "./actaetdiplomata01miklgoog_0478.png"; bbox 0 0 3258 5282; ppageno 0'>
   <div class='ocr_carea' id='block_1_1' title="bbox 1260 325 1322 388">
    <p class='ocr_par' dir='ltr' id='par_1_1' title="bbox 1260 325 1322 388">
     <span class='ocr_line' id='line_1_1' title="bbox 1260 325 1322 388; baseline 0.032 -3"><span class='ocrx_word' id='word_1_1' title='bbox 1260 325 1322 388; x_wconf 65' lang='lat'><strong>229</strong></span> 
     </span>
    </p>
   </div>
   <div class='ocr_carea' id='block_1_2' title="bbox 98 501 1324 3559">
    <p class='ocr_par' dir='ltr' id='par_1_2' title="bbox 98 501 1324 3559">
     <span class='ocr_line' id='line_1_2' title="bbox 101 501 1321 590; baseline 0 -22"><span class='ocrx_word' id='word_1_2' title='bbox 101 503 282 568; x_wconf 78' lang='grc' dir='ltr'><strong>συνθείσθαι</strong></span> <span class='ocrx_word' id='word_1_3' title='bbox 313 503 356 590; x_wconf 72' lang='grc' dir='ltr'><strong>τιρ</strong></span> <span class='ocrx_word' id='word_1_4' title='bbox 381 513 434 588; x_wconf 79' lang='grc' dir='ltr'><strong>της</strong></span> <span class='ocrx_word' id='word_1_5' title='bbox 460 501 583 587; x_wconf 68' lang='grc' dir='ltr'><strong>ἀγάπης</strong></span> <span class='ocrx_word' id='word_1_6' title='bbox 609 501 752 587; x_wconf 74' lang='grc' dir='ltr'><strong>ἀρρηκτφ</strong></span> <span class='ocrx_word' id='word_1_7' title='bbox 778 503 881 587; x_wconf 75' lang='grc' dir='ltr'><strong>όεσμηῐ</strong></span> <span class='ocrx_word' id='word_1_8' title='bbox 907 503 961 567; x_wconf 86' lang='grc' dir='ltr'><strong>καὶ</strong></span> <span class='ocrx_word' id='word_1_9' title='bbox 989 505 1073 587; x_wconf 74' lang='grc' dir='ltr'><strong>ἀχειν</strong></span> <span class='ocrx_word' id='word_1_10' title='bbox 1101 503 1243 571; x_wconf 73' lang='grc' dir='ltr'><strong>ἐντεῦθεν</strong></span> <span class='ocrx_word' id='word_1_11' title='bbox 1269 507 1321 568; x_wconf 82' lang='grc' dir='ltr'><strong>τάν</strong></span> 
     </span>
     <span class='ocr_line' id='line_1_3' title="bbox 100 621 1320 708; baseline -0.002 -20"><span class='ocrx_word' id='word_1_12' title='bbox 100 621 324 707; x_wconf 83' lang='grc' dir='ltr'><strong>ἀκρογωνιαίον</strong></span> <span class='ocrx_word' id='word_1_13' title='bbox 346 623 436 687; x_wconf 86' lang='grc' dir='ltr'><strong>λίθον</strong></span> <span class='ocrx_word' id='word_1_14' title='bbox 458 622 590 705; x_wconf 80' lang='grc' dir='ltr'><strong>Χριστὸν</strong></span> <span class='ocrx_word' id='word_1_15' title='bbox 611 623 759 708; x_wconf 81' lang='grc' dir='ltr'><strong>κεραλην,</strong></span> <span class='ocrx_word' id='word_1_16' title='bbox 783 621 849 706; x_wconf 73' lang='grc' dir='ltr'><strong>ἅμα</strong></span> <span class='ocrx_word' id='word_1_17' title='bbox 870 625 905 686; x_wconf 79' lang='grc' dir='ltr'><strong>θλ</strong></span> <span class='ocrx_word' id='word_1_18' title='bbox 929 622 1127 707; x_wconf 76' lang='grc' dir='ltr'>ἀναχαιτίσαι</span> <span class='ocrx_word' id='word_1_19' title='bbox 1147 629 1320 708; x_wconf 82' lang='grc' dir='ltr'><strong>τειρωμόνη</strong></span> 
     </span>
     <span class='ocr_line' id='line_1_4' title="bbox 99 740 1320 827; baseline 0 -22"><span class='ocrx_word' id='word_1_20' title='bbox 99 747 155 805; x_wconf 84' lang='grc' dir='ltr'><strong>καί</strong></span> <span class='ocrx_word' id='word_1_21' title='bbox 176 747 217 806; x_wconf 81' lang='grc' dir='ltr'><strong>τά</strong></span> <span class='ocrx_word' id='word_1_22' title='bbox 239 742 496 826; x_wconf 81' lang='grc' dir='ltr'><strong>μεσολαβησαντα</strong></span> <span class='ocrx_word' id='word_1_23' title='bbox 517 743 679 806; x_wconf 76' lang='grc' dir='ltr'><strong>σκάνδαλα</strong></span> <span class='ocrx_word' id='word_1_24' title='bbox 702 741 813 824; x_wconf 77' lang='grc' dir='ltr'><strong>μεταξύ</strong></span> <span class='ocrx_word' id='word_1_25' title='bbox 837 753 894 806; x_wconf 79' lang='grc' dir='ltr'><strong>τῶν</strong></span> <span class='ocrx_word' id='word_1_26' title='bbox 916 743 970 805; x_wconf 85' lang='grc' dir='ltr'><strong>όύο</strong></span> <span class='ocrx_word' id='word_1_27' title='bbox 994 740 1170 827; x_wconf 86' lang='grc' dir='ltr'><strong>ἀρχιερίων,</strong></span> <span class='ocrx_word' id='word_1_28' title='bbox 1194 743 1320 806; x_wconf 78' lang='grc' dir='ltr'><strong>συνθια-</strong></span> 
     </span>
     <span class='ocr_line' id='line_1_5' title="bbox 99 858 1323 946; baseline -0.002 -19"><span class='ocrx_word' id='word_1_29' title='bbox 99 865 283 946; x_wconf 75' lang='grc' dir='ltr'><strong>σκεψαμύνη</strong></span> <span class='ocrx_word' id='word_1_30' title='bbox 304 866 344 925; x_wconf 87' lang='grc' dir='ltr'><strong>τά</strong></span> <span class='ocrx_word' id='word_1_31' title='bbox 364 865 431 944; x_wconf 78' lang='grc' dir='ltr'><strong>περί</strong></span> <span class='ocrx_word' id='word_1_32' title='bbox 453 863 559 924; x_wconf 86' lang='grc' dir='ltr'><strong>τούτου</strong></span> <span class='ocrx_word' id='word_1_33' title='bbox 581 871 644 932; x_wconf 89' lang='grc' dir='ltr'><strong>τοίς</strong></span> <span class='ocrx_word' id='word_1_34' title='bbox 658 865 732 944; x_wconf 81' lang='grc' dir='ltr'><strong>τιτρί</strong></span> <span class='ocrx_word' id='word_1_35' title='bbox 754 858 848 944; x_wconf 79' lang='grc' dir='ltr'><strong>αύτην</strong></span> <span class='ocrx_word' id='word_1_36' title='bbox 874 859 1046 945; x_wconf 72' lang='grc' dir='ltr'><strong>ἱερωτάτοις</strong></span> <span class='ocrx_word' id='word_1_37' title='bbox 1069 860 1246 946; x_wconf 75' lang='grc' dir='ltr'>ἀρχιερεῦσι</span> <span class='ocrx_word' id='word_1_38' title='bbox 1268 866 1323 926; x_wconf 87' lang='grc' dir='ltr'><strong>καί</strong></span> 
     </span>
     <span class='ocr_line' id='line_1_6' title="bbox 100 978 1321 1067; baseline 0 -23"><span class='ocrx_word' id='word_1_39' title='bbox 100 979 288 1064; x_wconf 78' lang='grc' dir='ltr'><strong>ύαερτίμοις,</strong></span> <span class='ocrx_word' id='word_1_40' title='bbox 321 985 404 1044; x_wconf 84' lang='grc' dir='ltr'><strong>κατά</strong></span> <span class='ocrx_word' id='word_1_41' title='bbox 425 982 528 1063; x_wconf 85' lang='grc' dir='ltr'><strong>κύριον</strong></span> <span class='ocrx_word' id='word_1_42' title='bbox 561 979 729 1064; x_wconf 77' lang='grc' dir='ltr'><strong>ἀγαπητοῖς</strong></span> <span class='ocrx_word' id='word_1_43' title='bbox 756 979 899 1067; x_wconf 72' lang='grc' dir='ltr'><strong>ἀδελφοῖς</strong></span> <span class='ocrx_word' id='word_1_44' title='bbox 928 991 982 1065; x_wconf 84' lang='grc' dir='ltr'><strong>της</strong></span> <span class='ocrx_word' id='word_1_45' title='bbox 1006 978 1092 1066; x_wconf 75' lang='grc' dir='ltr'><strong>ἡμῶν</strong></span> <span class='ocrx_word' id='word_1_46' title='bbox 1126 987 1321 1067; x_wconf 90' lang='grc' dir='ltr'><strong>μετριότητος</strong></span> 
     </span>
     <span class='ocr_line' id='line_1_7' title="bbox 98 1097 1321 1183; baseline -0.002 -20"><span class='ocrx_word' id='word_1_47' title='bbox 98 1097 155 1163; x_wconf 78' lang='grc' dir='ltr'><strong>καὶ</strong></span> <span class='ocrx_word' id='word_1_48' title='bbox 178 1100 430 1182; x_wconf 83' lang='grc' dir='ltr'><strong>συλλειτουργυίς,</strong></span> <span class='ocrx_word' id='word_1_49' title='bbox 454 1101 495 1182; x_wconf 75' lang='grc' dir='ltr'><strong>τῷ</strong></span> <span class='ocrx_word' id='word_1_50' title='bbox 514 1097 660 1174; x_wconf 72' lang='grc' dir='ltr'><strong>Κυζίκου,</strong></span> <span class='ocrx_word' id='word_1_51' title='bbox 684 1099 727 1181; x_wconf 79' lang='grc' dir='ltr'><strong>τιρ”</strong></span> <span class='ocrx_word' id='word_1_52' title='bbox 744 1099 956 1183; x_wconf 72' lang='grc' dir='ltr'><strong>Χαλκηδόνος,</strong></span> <span class='ocrx_word' id='word_1_53' title='bbox 979 1099 1021 1182; x_wconf 77' lang='grc' dir='ltr'><strong>τῷ</strong></span> <span class='ocrx_word' id='word_1_54' title='bbox 1042 1099 1321 1183; x_wconf 88' lang='grc' dir='ltr'><strong>Πυντυηρακλιίας,</strong></span> 
     </span>
     <span class='ocr_line' id='line_1_8' title="bbox 99 1214 1323 1302; baseline 0 -22"><span class='ocrx_word' id='word_1_55' title='bbox 99 1217 142 1301; x_wconf 69' lang='grc' dir='ltr'><strong>τῇ</strong></span> <span class='ocrx_word' id='word_1_56' title='bbox 161 1217 288 1302; x_wconf 75' lang='grc' dir='ltr'><strong>Βιίύης,</strong></span> <span class='ocrx_word' id='word_1_57' title='bbox 310 1216 352 1301; x_wconf 75' lang='grc' dir='ltr'><strong>τῷ</strong></span> <span class='ocrx_word' id='word_1_58' title='bbox 372 1221 427 1280; x_wconf 85' lang='grc' dir='ltr'><strong>καί</strong></span> <span class='ocrx_word' id='word_1_59' title='bbox 448 1220 500 1280; x_wconf 84' lang='grc' dir='ltr'><strong>τόν</strong></span> <span class='ocrx_word' id='word_1_60' title='bbox 518 1221 608 1280; x_wconf 81' lang='grc' dir='ltr'><strong>τόκον</strong></span> <span class='ocrx_word' id='word_1_61' title='bbox 624 1226 677 1280; x_wconf 90' lang='grc' dir='ltr'><strong>τοῦ</strong></span> <span class='ocrx_word' id='word_1_62' title='bbox 693 1217 927 1300; x_wconf 85' lang='grc' dir='ltr'><strong>Σταυροιτύλεως</strong></span> <span class='ocrx_word' id='word_1_63' title='bbox 943 1214 1091 1300; x_wconf 77' lang='grc' dir='ltr'><strong>ἔτόχοντι,</strong></span> <span class='ocrx_word' id='word_1_64' title='bbox 1115 1218 1158 1300; x_wconf 68' lang='grc' dir='ltr'><strong>τιρ</strong></span> <span class='ocrx_word' id='word_1_65' title='bbox 1171 1215 1323 1300; x_wconf 86' lang='grc' dir='ltr'><strong>Βρύσεως,</strong></span> 
     </span>
     <span class='ocr_line' id='line_1_9' title="bbox 98 1335 1323 1420; baseline 0 -21"><span class='ocrx_word' id='word_1_66' title='bbox 98 1335 143 1419; x_wconf 65' lang='grc' dir='ltr'><strong>τᾷ</strong></span> <span class='ocrx_word' id='word_1_67' title='bbox 163 1335 351 1420; x_wconf 77' lang='grc' dir='ltr'><strong>Κελτίηνης,</strong></span> <span class='ocrx_word' id='word_1_68' title='bbox 372 1336 416 1420; x_wconf 75' lang='grc' dir='ltr'><strong>τῷ</strong></span> <span class='ocrx_word' id='word_1_69' title='bbox 435 1335 753 1419; x_wconf 84' lang='grc' dir='ltr'><strong>Χριστιανσυιτόλεως,</strong></span> <span class='ocrx_word' id='word_1_70' title='bbox 781 1336 822 1418; x_wconf 77' lang='grc' dir='ltr'><strong>τῷ</strong></span> <span class='ocrx_word' id='word_1_71' title='bbox 843 1335 1024 1412; x_wconf 82' lang='grc' dir='ltr'><strong>Συυγῦαίας,</strong></span> <span class='ocrx_word' id='word_1_72' title='bbox 1051 1335 1093 1419; x_wconf 79' lang='grc' dir='ltr'><strong>τῷ</strong></span> <span class='ocrx_word' id='word_1_73' title='bbox 1112 1335 1253 1412; x_wconf 85' lang='grc' dir='ltr'><strong>Ῥωσίυυ,</strong></span> <span class='ocrx_word' id='word_1_74' title='bbox 1279 1339 1323 1420; x_wconf 75' lang='grc' dir='ltr'><strong>τῴ</strong></span> 
     </span>
     <span class='ocr_line' id='line_1_10' title="bbox 98 1452 1322 1542; baseline 0.001 -23"><span class='ocrx_word' id='word_1_75' title='bbox 98 1453 242 1540; x_wconf 70' lang='grc' dir='ltr'><strong>Πάκρης,</strong></span> <span class='ocrx_word' id='word_1_76' title='bbox 265 1455 307 1539; x_wconf 64' lang='grc' dir='ltr'><strong>τῷ</strong></span> <span class='ocrx_word' id='word_1_77' title='bbox 326 1454 426 1520; x_wconf 91' lang='grc' dir='ltr'><strong>Γάνου</strong></span> <span class='ocrx_word' id='word_1_78' title='bbox 447 1459 502 1518; x_wconf 87' lang='grc' dir='ltr'><strong>καί</strong></span> <span class='ocrx_word' id='word_1_79' title='bbox 527 1457 570 1538; x_wconf 72' lang='grc' dir='ltr'><strong>τῷ</strong></span> <span class='ocrx_word' id='word_1_80' title='bbox 596 1459 766 1538; x_wconf 77' lang='grc' dir='ltr'>τιμιωτάτῳ</span> <span class='ocrx_word' id='word_1_81' title='bbox 794 1452 953 1542; x_wconf 77' lang='grc' dir='ltr'><strong>ἀποψηρίιρ</strong></span> <span class='ocrx_word' id='word_1_82' title='bbox 980 1465 1033 1539; x_wconf 83' lang='grc' dir='ltr'><strong>της</strong></span> <span class='ocrx_word' id='word_1_83' title='bbox 1057 1453 1233 1541; x_wconf 85' lang='grc' dir='ltr'><strong>-άγιωτάτης</strong></span> <span class='ocrx_word' id='word_1_84' title='bbox 1259 1479 1322 1541; x_wconf 88' lang='grc' dir='ltr'><strong>μη-</strong></span> 
     </span>
     <span class='ocr_line' id='line_1_11' title="bbox 99 1573 1321 1659; baseline 0.002 -23"><span class='ocrx_word' id='word_1_85' title='bbox 99 1575 272 1656; x_wconf 78' lang='grc' dir='ltr'><strong>τροπόλεως</strong></span> <span class='ocrx_word' id='word_1_86' title='bbox 294 1574 534 1658; x_wconf 88' lang='grc' dir='ltr'><strong>Θεσσαλονίκης,</strong></span> <span class='ocrx_word' id='word_1_87' title='bbox 557 1573 821 1658; x_wconf 72' lang='grc' dir='ltr'><strong>ότιυθοκησαντος</strong></span> <span class='ocrx_word' id='word_1_88' title='bbox 843 1573 886 1646; x_wconf 77' lang='grc' dir='ltr'><strong>είς</strong></span> <span class='ocrx_word' id='word_1_89' title='bbox 908 1584 997 1639; x_wconf 86' lang='grc' dir='ltr'><strong>τοῦτο</strong></span> <span class='ocrx_word' id='word_1_90' title='bbox 1020 1584 1074 1638; x_wconf 90' lang='grc' dir='ltr'><strong>τοῦ</strong></span> <span class='ocrx_word' id='word_1_91' title='bbox 1097 1573 1133 1638; x_wconf 77' lang='grc' dir='ltr'><strong>ίκ</strong></span> <span class='ocrx_word' id='word_1_92' title='bbox 1148 1579 1226 1639; x_wconf 88' lang='grc' dir='ltr'><strong>θεοῦ</strong></span> <span class='ocrx_word' id='word_1_93' title='bbox 1240 1597 1321 1659; x_wconf 89' lang='grc' dir='ltr'><strong>κρα-</strong></span> 
     </span>
     <span class='ocr_line' id='line_1_12' title="bbox 99 1687 1320 1780; baseline 0.002 -25"><span class='ocrx_word' id='word_1_94' title='bbox 99 1697 204 1756; x_wconf 86' lang='grc' dir='ltr'><strong>τίστου</strong></span> <span class='ocrx_word' id='word_1_95' title='bbox 224 1695 280 1756; x_wconf 85' lang='grc' dir='ltr'><strong>καί</strong></span> <span class='ocrx_word' id='word_1_96' title='bbox 301 1689 390 1769; x_wconf 88' lang='grc' dir='ltr'><strong>άγίου</strong></span> <span class='ocrx_word' id='word_1_97' title='bbox 413 1713 472 1775; x_wconf 90' lang='grc' dir='ltr'><strong>μου</strong></span> <span class='ocrx_word' id='word_1_98' title='bbox 495 1687 729 1776; x_wconf 77' lang='grc' dir='ltr'><strong>αὐτοκράτορος,</strong></span> <span class='ocrx_word' id='word_1_99' title='bbox 753 1691 794 1764; x_wconf 72' lang='grc' dir='ltr'><strong>ιὐς</strong></span> <span class='ocrx_word' id='word_1_100' title='bbox 817 1691 1048 1776; x_wconf 79' lang='grc' dir='ltr'><strong>ἀτυόεχυμίνυυ</strong></span> <span class='ocrx_word' id='word_1_101' title='bbox 1064 1703 1102 1778; x_wconf 84' lang='grc' dir='ltr'><strong>τη</strong></span> <span class='ocrx_word' id='word_1_102' title='bbox 1118 1691 1239 1780; x_wconf 78' lang='grc' dir='ltr'><strong>ὲμρῦτιρ</strong></span> <span class='ocrx_word' id='word_1_103' title='bbox 1262 1689 1320 1758; x_wconf 86' lang='grc' dir='ltr'><strong>αύ-</strong></span> 
     </span>
     <span class='ocr_line' id='line_1_13' title="bbox 98 1809 1322 1895; baseline 0.001 -21"><span class='ocrx_word' id='word_1_104' title='bbox 98 1819 152 1874; x_wconf 85' lang='grc' dir='ltr'><strong>τού</strong></span> <span class='ocrx_word' id='word_1_105' title='bbox 173 1809 244 1895; x_wconf 85' lang='grc' dir='ltr'><strong>τερὶ</strong></span> <span class='ocrx_word' id='word_1_106' title='bbox 266 1815 304 1875; x_wconf 83' lang='grc' dir='ltr'><strong>τά</strong></span> <span class='ocrx_word' id='word_1_107' title='bbox 325 1811 410 1874; x_wconf 82' lang='grc' dir='ltr'><strong>καλά</strong></span> <span class='ocrx_word' id='word_1_108' title='bbox 432 1813 618 1894; x_wconf 81' lang='grc' dir='ltr'><strong>χρηστότητι</strong></span> <span class='ocrx_word' id='word_1_109' title='bbox 639 1814 674 1874; x_wconf 86' lang='grc' dir='ltr'><strong>τύ</strong></span> <span class='ocrx_word' id='word_1_110' title='bbox 697 1820 752 1895; x_wconf 84' lang='grc' dir='ltr'><strong>τῆς</strong></span> <span class='ocrx_word' id='word_1_111' title='bbox 775 1811 897 1895; x_wconf 76' lang='grc' dir='ltr'><strong>εἰρήνης</strong></span> <span class='ocrx_word' id='word_1_112' title='bbox 918 1815 973 1874; x_wconf 89' lang='grc' dir='ltr'><strong>καί</strong></span> <span class='ocrx_word' id='word_1_113' title='bbox 995 1810 1141 1894; x_wconf 87' lang='grc' dir='ltr'><strong>ύμυνυίας</strong></span> <span class='ocrx_word' id='word_1_114' title='bbox 1155 1813 1252 1876; x_wconf 89' lang='grc' dir='ltr'><strong>καλύν</strong></span> <span class='ocrx_word' id='word_1_115' title='bbox 1266 1817 1322 1875; x_wconf 87' lang='grc' dir='ltr'><strong>καί</strong></span> 
     </span>
     <span class='ocr_line' id='line_1_14' title="bbox 98 1929 1322 2016; baseline 0.002 -22"><span class='ocrx_word' id='word_1_116' title='bbox 98 1931 265 1994; x_wconf 79' lang='grc' dir='ltr'><strong>ῦιεκθικείν</strong></span> <span class='ocrx_word' id='word_1_117' title='bbox 293 1931 477 2009; x_wconf 76' lang='grc' dir='ltr'><strong>στεύόοντος</strong></span> <span class='ocrx_word' id='word_1_118' title='bbox 502 1933 603 1993; x_wconf 85' lang='grc' dir='ltr'><strong>τάντα</strong></span> <span class='ocrx_word' id='word_1_119' title='bbox 634 1934 673 1994; x_wconf 81' lang='grc' dir='ltr'><strong>τὰ</strong></span> <span class='ocrx_word' id='word_1_120' title='bbox 696 1929 941 2014; x_wconf 75' lang='grc' dir='ltr'><strong>λκκλησιαστικά</strong></span> <span class='ocrx_word' id='word_1_121' title='bbox 963 1931 1070 1994; x_wconf 77' lang='grc' dir='ltr'><strong>δίκαια</strong></span> <span class='ocrx_word' id='word_1_122' title='bbox 1095 1934 1149 1993; x_wconf 85' lang='grc' dir='ltr'><strong>καί</strong></span> <span class='ocrx_word' id='word_1_123' title='bbox 1169 1935 1322 2016; x_wconf 81' lang='grc' dir='ltr'><strong>τρυνόμια</strong></span> 
     </span>
     <span class='ocr_line' id='line_1_15' title="bbox 99 2045 1321 2134; baseline 0.002 -22"><span class='ocrx_word' id='word_1_124' title='bbox 99 2054 153 2114; x_wconf 89' lang='grc' dir='ltr'><strong>καί</strong></span> <span class='ocrx_word' id='word_1_125' title='bbox 165 2049 373 2133; x_wconf 72' lang='grc' dir='ltr'><strong>ύκλεξαμίνυυ</strong></span> <span class='ocrx_word' id='word_1_126' title='bbox 388 2052 440 2113; x_wconf 85' lang='grc' dir='ltr'><strong>’τόν</strong></span> <span class='ocrx_word' id='word_1_127' title='bbox 454 2053 635 2133; x_wconf 76' lang='grc' dir='ltr'><strong>τιμιώτατον</strong></span> <span class='ocrx_word' id='word_1_128' title='bbox 647 2051 812 2114; x_wconf 86' lang='grc' dir='ltr'><strong>σακελλίου</strong></span> <span class='ocrx_word' id='word_1_129' title='bbox 827 2059 881 2134; x_wconf 78' lang='grc' dir='ltr'><strong>τῆς</strong></span> <span class='ocrx_word' id='word_1_130' title='bbox 896 2045 972 2112; x_wconf 82' lang='grc' dir='ltr'><strong>καθ’</strong></span> <span class='ocrx_word' id='word_1_131' title='bbox 987 2045 1070 2133; x_wconf 73' lang='grc' dir='ltr'><strong>ἡμᾶς</strong></span> <span class='ocrx_word' id='word_1_132' title='bbox 1084 2045 1257 2134; x_wconf 73' lang='grc' dir='ltr'><strong>ἁγιωτάτης</strong></span> <span class='ocrx_word' id='word_1_133' title='bbox 1267 2060 1321 2115; x_wconf 89' lang='grc' dir='ltr'><strong>τοῦ</strong></span> 
     </span>
     <span class='ocr_line' id='line_1_16' title="bbox 99 2166 1320 2252; baseline 0.002 -23"><span class='ocrx_word' id='word_1_134' title='bbox 99 2167 177 2231; x_wconf 89' lang='grc' dir='ltr'><strong>θεοῦ</strong></span> <span class='ocrx_word' id='word_1_135' title='bbox 201 2169 341 2252; x_wconf 88' lang='grc' dir='ltr'><strong>μεγάλης</strong></span> <span class='ocrx_word' id='word_1_136' title='bbox 357 2166 527 2251; x_wconf 77' lang='grc' dir='ltr'><strong>ίκκλησίας</strong></span> <span class='ocrx_word' id='word_1_137' title='bbox 541 2171 597 2230; x_wconf 89' lang='grc' dir='ltr'><strong>καί</strong></span> <span class='ocrx_word' id='word_1_138' title='bbox 614 2168 845 2251; x_wconf 85' lang='grc' dir='ltr'><strong>συλλειτυυργόν</strong></span> <span class='ocrx_word' id='word_1_139' title='bbox 867 2171 922 2230; x_wconf 89' lang='grc' dir='ltr'><strong>καί</strong></span> <span class='ocrx_word' id='word_1_140' title='bbox 943 2169 994 2230; x_wconf 89' lang='grc' dir='ltr'><strong>τόν</strong></span> <span class='ocrx_word' id='word_1_141' title='bbox 1009 2170 1188 2249; x_wconf 79' lang='grc' dir='ltr'><strong>τιμιώτατον</strong></span> <span class='ocrx_word' id='word_1_142' title='bbox 1203 2169 1320 2231; x_wconf 91' lang='grc' dir='ltr'><strong>σακελ-</strong></span> 
     </span>
     <span class='ocr_line' id='line_1_17' title="bbox 98 2283 1318 2372; baseline 0.003 -26"><span class='ocrx_word' id='word_1_143' title='bbox 98 2285 165 2348; x_wconf 89' lang='grc' dir='ltr'><strong>λίου</strong></span> <span class='ocrx_word' id='word_1_144' title='bbox 187 2296 245 2370; x_wconf 84' lang='grc' dir='ltr'><strong>της</strong></span> <span class='ocrx_word' id='word_1_145' title='bbox 265 2284 342 2352; x_wconf 85' lang='grc' dir='ltr'><strong>καθ’</strong></span> <span class='ocrx_word' id='word_1_146' title='bbox 364 2283 447 2372; x_wconf 76' lang='grc' dir='ltr'><strong>ἡμᾶς</strong></span> <span class='ocrx_word' id='word_1_147' title='bbox 469 2284 642 2370; x_wconf 72' lang='grc' dir='ltr'><strong>ἁγιωτάτης</strong></span> <span class='ocrx_word' id='word_1_148' title='bbox 664 2295 717 2350; x_wconf 89' lang='grc' dir='ltr'><strong>τοῦ</strong></span> <span class='ocrx_word' id='word_1_149' title='bbox 739 2289 817 2350; x_wconf 88' lang='grc' dir='ltr'><strong>θεοῦ</strong></span> <span class='ocrx_word' id='word_1_150' title='bbox 841 2285 978 2369; x_wconf 86' lang='grc' dir='ltr'><strong>μεγάλης</strong></span> <span class='ocrx_word' id='word_1_151' title='bbox 1001 2285 1172 2371; x_wconf 80' lang='grc' dir='ltr'><strong>ίκκλησίας</strong></span> <span class='ocrx_word' id='word_1_152' title='bbox 1194 2291 1248 2350; x_wconf 89' lang='grc' dir='ltr'><strong>καί</strong></span> <span class='ocrx_word' id='word_1_153' title='bbox 1270 2288 1318 2350; x_wconf 82' lang='grc' dir='ltr'><strong>δι-</strong></span> 
     </span>
     <span class='ocr_line' id='line_1_18' title="bbox 100 2401 1320 2490; baseline 0.001 -22"><span class='ocrx_word' id='word_1_154' title='bbox 100 2405 312 2489; x_wconf 79' lang='grc' dir='ltr'><strong>καιορύλακα,</strong></span> <span class='ocrx_word' id='word_1_155' title='bbox 335 2403 367 2468; x_wconf 75' lang='grc' dir='ltr'><strong>ἐν</strong></span> <span class='ocrx_word' id='word_1_156' title='bbox 390 2402 469 2488; x_wconf 81' lang='grc' dir='ltr'><strong>άγίιρ</strong></span> <span class='ocrx_word' id='word_1_157' title='bbox 490 2407 638 2488; x_wconf 88' lang='grc' dir='ltr'><strong>τνεύμστι</strong></span> <span class='ocrx_word' id='word_1_158' title='bbox 660 2408 867 2488; x_wconf 85' lang='grc' dir='ltr'><strong>γνησιιύτατυν</strong></span> <span class='ocrx_word' id='word_1_159' title='bbox 888 2403 952 2468; x_wconf 85' lang='grc' dir='ltr'><strong>υίῦν</strong></span> <span class='ocrx_word' id='word_1_160' title='bbox 974 2412 1028 2489; x_wconf 82' lang='grc' dir='ltr'><strong>τῆς</strong></span> <span class='ocrx_word' id='word_1_161' title='bbox 1050 2401 1135 2489; x_wconf 78' lang='grc' dir='ltr'><strong>ἡμῶν</strong></span> <span class='ocrx_word' id='word_1_162' title='bbox 1159 2409 1320 2490; x_wconf 83' lang='grc' dir='ltr'><strong>μετριότη-</strong></span> 
     </span>
     <span class='ocr_line' id='line_1_19' title="bbox 100 2521 1320 2610; baseline 0.002 -25"><span class='ocrx_word' id='word_1_163' title='bbox 100 2544 161 2599; x_wconf 89' lang='grc' dir='ltr'><strong>τος,</strong></span> <span class='ocrx_word' id='word_1_164' title='bbox 184 2532 244 2606; x_wconf 88' lang='grc' dir='ltr'><strong>κύρ</strong></span> <span class='ocrx_word' id='word_1_165' title='bbox 266 2523 417 2606; x_wconf 83' lang='grc' dir='ltr'><strong>Γεῦργιυν</strong></span> <span class='ocrx_word' id='word_1_166' title='bbox 439 2525 584 2587; x_wconf 84' lang='grc' dir='ltr'><strong>ῦιάκυνυν</strong></span> <span class='ocrx_word' id='word_1_167' title='bbox 606 2525 658 2586; x_wconf 84' lang='grc' dir='ltr'><strong>τόν</strong></span> <span class='ocrx_word' id='word_1_168' title='bbox 676 2523 840 2608; x_wconf 84' lang='grc' dir='ltr'><strong>Περόίκην,</strong></span> <span class='ocrx_word' id='word_1_169' title='bbox 862 2523 917 2588; x_wconf 88' lang='grc' dir='ltr'><strong>καὶ</strong></span> <span class='ocrx_word' id='word_1_170' title='bbox 938 2521 981 2595; x_wconf 78' lang='grc' dir='ltr'><strong>ῦς</strong></span> <span class='ocrx_word' id='word_1_171' title='bbox 1004 2522 1142 2604; x_wconf 73' lang='grc' dir='ltr'><strong>εὐλαβεῖς</strong></span> <span class='ocrx_word' id='word_1_172' title='bbox 1163 2530 1218 2588; x_wconf 89' lang='grc' dir='ltr'><strong>καί</strong></span> <span class='ocrx_word' id='word_1_173' title='bbox 1240 2547 1320 2610; x_wconf 84' lang='grc' dir='ltr'><strong>χρη-</strong></span> 
     </span>
     <span class='ocr_line' id='line_1_20' title="bbox 101 2637 1318 2728; baseline 0 -22"><span class='ocrx_word' id='word_1_174' title='bbox 101 2648 209 2725; x_wconf 86' lang='grc' dir='ltr'><strong>σίμους</strong></span> <span class='ocrx_word' id='word_1_175' title='bbox 231 2647 287 2705; x_wconf 90' lang='grc' dir='ltr'><strong>καί</strong></span> <span class='ocrx_word' id='word_1_176' title='bbox 308 2641 496 2720; x_wconf 79' lang='grc' dir='ltr'><strong>ἀναγκαίους</strong></span> <span class='ocrx_word' id='word_1_177' title='bbox 519 2641 700 2724; x_wconf 71' lang='grc' dir='ltr'><strong>ἀνθρώπους</strong></span> <span class='ocrx_word' id='word_1_178' title='bbox 716 2642 777 2708; x_wconf 86' lang='grc' dir='ltr'><strong>Ικαὶ</strong></span> <span class='ocrx_word' id='word_1_179' title='bbox 805 2643 922 2726; x_wconf 84' lang='grc' dir='ltr'><strong>εἵόησιν</strong></span> <span class='ocrx_word' id='word_1_180' title='bbox 948 2637 1005 2704; x_wconf 90' lang='grc' dir='ltr'><strong>υύκ</strong></span> <span class='ocrx_word' id='word_1_181' title='bbox 1030 2641 1138 2728; x_wconf 87' lang='grc' dir='ltr'><strong>όλίγην</strong></span> <span class='ocrx_word' id='word_1_182' title='bbox 1162 2648 1318 2727; x_wconf 70' lang='grc' dir='ltr'><strong>κεκτημέ-</strong></span> 
     </span>
     <span class='ocr_line' id='line_1_21' title="bbox 100 2759 1319 2844; baseline 0.002 -22"><span class='ocrx_word' id='word_1_183' title='bbox 100 2781 168 2832; x_wconf 90' lang='grc' dir='ltr'><strong>νους</strong></span> <span class='ocrx_word' id='word_1_184' title='bbox 190 2772 251 2825; x_wconf 71' lang='grc' dir='ltr'><strong>τῶν</strong></span> <span class='ocrx_word' id='word_1_185' title='bbox 272 2763 367 2824; x_wconf 82' lang='grc' dir='ltr'><strong>θείων</strong></span> <span class='ocrx_word' id='word_1_186' title='bbox 388 2764 443 2823; x_wconf 90' lang='grc' dir='ltr'><strong>καί</strong></span> <span class='ocrx_word' id='word_1_187' title='bbox 464 2759 550 2843; x_wconf 80' lang='grc' dir='ltr'><strong>ἱερῶν</strong></span> <span class='ocrx_word' id='word_1_188' title='bbox 576 2763 727 2836; x_wconf 84' lang='grc' dir='ltr'><strong>κανόνων,</strong></span> <span class='ocrx_word' id='word_1_189' title='bbox 756 2759 886 2844; x_wconf 84' lang='grc' dir='ltr'><strong>ίχοντας</strong></span> <span class='ocrx_word' id='word_1_190' title='bbox 913 2761 948 2822; x_wconf 79' lang='grc' dir='ltr'><strong>όί</strong></span> <span class='ocrx_word' id='word_1_191' title='bbox 973 2763 1027 2823; x_wconf 88' lang='grc' dir='ltr'><strong>καί</strong></span> <span class='ocrx_word' id='word_1_192' title='bbox 1053 2759 1155 2832; x_wconf 83' lang='grc' dir='ltr'><strong>άλλως</strong></span> <span class='ocrx_word' id='word_1_193' title='bbox 1181 2762 1258 2824; x_wconf 86' lang='grc' dir='ltr'><strong>ιτολύ</strong></span> <span class='ocrx_word' id='word_1_194' title='bbox 1285 2765 1319 2825; x_wconf 87' lang='grc' dir='ltr'><strong>τύ</strong></span> 
     </span>
     <span class='ocr_line' id='line_1_22' title="bbox 100 2877 1320 2962; baseline 0.003 -21"><span class='ocrx_word' id='word_1_195' title='bbox 100 2877 272 2952; x_wconf 73' lang='grc' dir='ltr'><strong>ἀξιόπιστον</strong></span> <span class='ocrx_word' id='word_1_196' title='bbox 288 2877 348 2942; x_wconf 83' lang='grc' dir='ltr'><strong>άτά</strong></span> <span class='ocrx_word' id='word_1_197' title='bbox 370 2887 424 2942; x_wconf 88' lang='grc' dir='ltr'><strong>τοῦ</strong></span> <span class='ocrx_word' id='word_1_198' title='bbox 446 2881 558 2960; x_wconf 81' lang='grc' dir='ltr'><strong>τρόπου</strong></span> <span class='ocrx_word' id='word_1_199' title='bbox 580 2882 635 2940; x_wconf 81' lang='grc' dir='ltr'><strong>καί</strong></span> <span class='ocrx_word' id='word_1_200' title='bbox 656 2889 709 2962; x_wconf 86' lang='grc' dir='ltr'><strong>τῆς</strong></span> <span class='ocrx_word' id='word_1_201' title='bbox 726 2883 874 2950; x_wconf 85' lang='grc' dir='ltr'><strong>συνίσεως</strong></span> <span class='ocrx_word' id='word_1_202' title='bbox 890 2877 998 2954; x_wconf 86' lang='grc' dir='ltr'><strong>αύτιῦν,</strong></span> <span class='ocrx_word' id='word_1_203' title='bbox 1014 2877 1224 2953; x_wconf 75' lang='grc' dir='ltr'><strong>λξατίστειλεν</strong></span> <span class='ocrx_word' id='word_1_204' title='bbox 1240 2879 1320 2945; x_wconf 84' lang='grc' dir='ltr'><strong>ἀτυ·</strong></span> 
     </span>
     <span class='ocr_line' id='line_1_23' title="bbox 98 2994 1319 3085; baseline 0.003 -27"><span class='ocrx_word' id='word_1_205' title='bbox 98 3003 297 3080; x_wconf 90' lang='grc' dir='ltr'><strong>κρισιαρίοος,</strong></span> <span class='ocrx_word' id='word_1_206' title='bbox 320 2994 399 3060; x_wconf 74' lang='grc' dir='ltr'><strong>ὥστε</strong></span> <span class='ocrx_word' id='word_1_207' title='bbox 420 2999 616 3082; x_wconf 81' lang='grc' dir='ltr'><strong>τυιησασθαι</strong></span> <span class='ocrx_word' id='word_1_208' title='bbox 638 2999 691 3081; x_wconf 81' lang='grc' dir='ltr'><strong>την</strong></span> <span class='ocrx_word' id='word_1_209' title='bbox 711 3001 852 3082; x_wconf 78' lang='grc' dir='ltr'><strong>τοιαύτην</strong></span> <span class='ocrx_word' id='word_1_210' title='bbox 868 2997 1013 3074; x_wconf 73' lang='grc' dir='ltr'><strong>ύξίτασιν,</strong></span> <span class='ocrx_word' id='word_1_211' title='bbox 1036 2996 1148 3072; x_wconf 80' lang='grc' dir='ltr'><strong>οἵτινες</strong></span> <span class='ocrx_word' id='word_1_212' title='bbox 1163 3002 1217 3060; x_wconf 88' lang='grc' dir='ltr'><strong>καί</strong></span> <span class='ocrx_word' id='word_1_213' title='bbox 1232 2997 1319 3085; x_wconf 84' lang='grc' dir='ltr'><strong>όιρεί-</strong></span> 
     </span>
     <span class='ocr_line' id='line_1_24' title="bbox 100 3113 1321 3200; baseline 0.003 -24"><span class='ocrx_word' id='word_1_214' title='bbox 100 3115 201 3178; x_wconf 90' lang='grc' dir='ltr'><strong>λοοσιν</strong></span> <span class='ocrx_word' id='word_1_215' title='bbox 240 3113 385 3178; x_wconf 74' lang='grc' dir='ltr'><strong>ἀπελθεῖν</strong></span> <span class='ocrx_word' id='word_1_216' title='bbox 412 3113 456 3184; x_wconf 79' lang='grc' dir='ltr'><strong>είς</strong></span> <span class='ocrx_word' id='word_1_217' title='bbox 481 3117 535 3198; x_wconf 82' lang='grc' dir='ltr'><strong>την</strong></span> <span class='ocrx_word' id='word_1_218' title='bbox 562 3113 689 3179; x_wconf 86' lang='grc' dir='ltr'><strong>Ῥωσίαν</strong></span> <span class='ocrx_word' id='word_1_219' title='bbox 717 3119 771 3178; x_wconf 84' lang='grc' dir='ltr'><strong>καί</strong></span> <span class='ocrx_word' id='word_1_220' title='bbox 801 3118 1081 3200; x_wconf 81' lang='grc' dir='ltr'><strong>προσκαλίσασθαι</strong></span> <span class='ocrx_word' id='word_1_221' title='bbox 1117 3117 1188 3188; x_wconf 87' lang='grc' dir='ltr'><strong>τούς</strong></span> <span class='ocrx_word' id='word_1_222' title='bbox 1222 3115 1321 3182; x_wconf 75' lang='grc' dir='ltr'><strong>ὲκείσε</strong></span> 
     </span>
     <span class='ocr_line' id='line_1_25' title="bbox 103 3229 1324 3320; baseline 0.002 -25"><span class='ocrx_word' id='word_1_223' title='bbox 103 3235 363 3320; x_wconf 77' lang='grc' dir='ltr'><strong>θεοφιλεστάτους</strong></span> <span class='ocrx_word' id='word_1_224' title='bbox 385 3232 577 3308; x_wconf 75' lang='grc' dir='ltr'><strong>ειτισκότους,</strong></span> <span class='ocrx_word' id='word_1_225' title='bbox 601 3231 693 3304; x_wconf 81' lang='grc' dir='ltr'><strong>ὅσους</strong></span> <span class='ocrx_word' id='word_1_226' title='bbox 715 3229 750 3297; x_wconf 84' lang='grc' dir='ltr'><strong>ού</strong></span> <span class='ocrx_word' id='word_1_227' title='bbox 772 3235 887 3298; x_wconf 88' lang='grc' dir='ltr'><strong>κωλύει</strong></span> <span class='ocrx_word' id='word_1_228' title='bbox 909 3239 943 3298; x_wconf 88' lang='grc' dir='ltr'><strong>τύ</strong></span> <span class='ocrx_word' id='word_1_229' title='bbox 958 3237 1036 3299; x_wconf 85' lang='grc' dir='ltr'><strong>τολύ</strong></span> <span class='ocrx_word' id='word_1_230' title='bbox 1052 3244 1106 3319; x_wconf 84' lang='grc' dir='ltr'><strong>τῆς</strong></span> <span class='ocrx_word' id='word_1_231' title='bbox 1128 3233 1201 3300; x_wconf 81' lang='grc' dir='ltr'><strong>ύθυῦ</strong></span> <span class='ocrx_word' id='word_1_232' title='bbox 1224 3245 1324 3320; x_wconf 78' lang='grc' dir='ltr'><strong>μηκας</strong></span> 
     </span>
     <span class='ocr_line' id='line_1_26' title="bbox 104 3348 1322 3448; baseline 0.003 -36"><span class='ocrx_word' id='word_1_233' title='bbox 104 3351 145 3422; x_wconf 81' lang='grc' dir='ltr'><strong>τίς</strong></span> <span class='ocrx_word' id='word_1_234' title='bbox 166 3348 457 3448; x_wconf 24' lang='grc' dir='ltr'><strong>ταύεύισυνελθείν,</strong></span> <span class='ocrx_word' id='word_1_235' title='bbox 480 3350 562 3414; x_wconf 83' lang='grc' dir='ltr'><strong>ἀλλὰ</strong></span> <span class='ocrx_word' id='word_1_236' title='bbox 583 3353 622 3436; x_wconf 81' lang='grc' dir='ltr'><strong>θη</strong></span> <span class='ocrx_word' id='word_1_237' title='bbox 649 3357 704 3414; x_wconf 90' lang='grc' dir='ltr'><strong>καί</strong></span> <span class='ocrx_word' id='word_1_238' title='bbox 731 3353 800 3424; x_wconf 89' lang='grc' dir='ltr'><strong>τούς</strong></span> <span class='ocrx_word' id='word_1_239' title='bbox 828 3349 1063 3429; x_wconf 78' lang='grc' dir='ltr'><strong>εὐγενεστάτους</strong></span> <span class='ocrx_word' id='word_1_240' title='bbox 1089 3355 1243 3438; x_wconf 89' lang='grc' dir='ltr'><strong>μεγάλους</strong></span> <span class='ocrx_word' id='word_1_241' title='bbox 1265 3349 1322 3437; x_wconf 80' lang='grc' dir='ltr'><strong>ῥη-</strong></span> 
     </span>
     <span class='ocr_line' id='line_1_27' title="bbox 104 3469 1322 3559; baseline 0 -25"><span class='ocrx_word' id='word_1_242' title='bbox 104 3491 169 3548; x_wconf 90' lang='grc' dir='ltr'><strong>γας,</strong></span> <span class='ocrx_word' id='word_1_243' title='bbox 190 3471 368 3559; x_wconf 81' lang='grc' dir='ltr'><strong>ἀρείλυντος</strong></span> <span class='ocrx_word' id='word_1_244' title='bbox 390 3469 504 3554; x_wconf 83' lang='grc' dir='ltr'><strong>ὁμοίως</strong></span> <span class='ocrx_word' id='word_1_245' title='bbox 527 3469 714 3556; x_wconf 72' lang='grc' dir='ltr'><strong>ἔτιόημησαι</strong></span> <span class='ocrx_word' id='word_1_246' title='bbox 735 3469 774 3534; x_wconf 75' lang='grc' dir='ltr'><strong>δι’</strong></span> <span class='ocrx_word' id='word_1_247' title='bbox 797 3470 906 3536; x_wconf 69' lang='grc' dir='ltr'><strong>ἑαυτοῦ</strong></span> <span class='ocrx_word' id='word_1_248' title='bbox 934 3471 977 3542; x_wconf 81' lang='grc' dir='ltr'><strong>είς</strong></span> <span class='ocrx_word' id='word_1_249' title='bbox 1004 3473 1057 3554; x_wconf 76' lang='grc' dir='ltr'><strong>την</strong></span> <span class='ocrx_word' id='word_1_250' title='bbox 1084 3474 1227 3556; x_wconf 78' lang='grc' dir='ltr'><strong>τοιαύτην</strong></span> <span class='ocrx_word' id='word_1_251' title='bbox 1249 3474 1322 3535; x_wconf 91' lang='grc' dir='ltr'><strong>σῦν-</strong></span> 
     </span>
    </p>
   </div>
   <div class='ocr_carea' id='block_1_3' title="bbox 105 3587 1324 3913">
    <p class='ocr_par' dir='ltr' id='par_1_3' title="bbox 105 3587 1324 3913">
     <span class='ocr_line' id='line_1_28' title="bbox 105 3587 1324 3684; baseline 0.001 -33"><span class='ocrx_word' id='word_1_252' title='bbox 105 3591 182 3663; x_wconf 73' lang='grc' dir='ltr'><strong>ταξιν</strong></span> <span class='ocrx_word' id='word_1_253' title='bbox 204 3595 261 3684; x_wconf 77' lang='grc' dir='ltr'><strong>καί</strong></span> <span class='ocrx_word' id='word_1_254' title='bbox 284 3599 337 3654; x_wconf 91' lang='grc' dir='ltr'><strong>τοῦ</strong></span> <span class='ocrx_word' id='word_1_255' title='bbox 360 3588 523 3671; x_wconf 87' lang='grc' dir='ltr'><strong>ἱερωτάτυυ</strong></span> <span class='ocrx_word' id='word_1_256' title='bbox 546 3591 769 3674; x_wconf 88' lang='grc' dir='ltr'><strong>μητρυτυλίτυυ</strong></span> <span class='ocrx_word' id='word_1_257' title='bbox 791 3598 849 3673; x_wconf 86' lang='grc' dir='ltr'><strong>κύρ</strong></span> <span class='ocrx_word' id='word_1_258' title='bbox 870 3587 1028 3673; x_wconf 86' lang='grc' dir='ltr'><strong>Ῥωμανοῦ</strong></span> <span class='ocrx_word' id='word_1_259' title='bbox 1057 3589 1078 3675; x_wconf 79' lang='grc' dir='ltr'><strong>ἢ</strong></span> <span class='ocrx_word' id='word_1_260' title='bbox 1112 3588 1324 3664; x_wconf 78' lang='grc' dir='ltr'><strong>ύξατιυστείλαι</strong></span> 
     </span>
     <span class='ocr_line' id='line_1_29' title="bbox 105 3705 1323 3792; baseline 0.001 -21"><span class='ocrx_word' id='word_1_261' title='bbox 105 3705 234 3780; x_wconf 79' lang='grc' dir='ltr'><strong>οἰκείους</strong></span> <span class='ocrx_word' id='word_1_262' title='bbox 264 3707 447 3791; x_wconf 71' lang='grc' dir='ltr'><strong>ἀνθρώπους</strong></span> <span class='ocrx_word' id='word_1_263' title='bbox 475 3705 538 3770; x_wconf 87' lang='grc' dir='ltr'><strong>ἀντ’</strong></span> <span class='ocrx_word' id='word_1_264' title='bbox 565 3705 672 3782; x_wconf 84' lang='grc' dir='ltr'><strong>αύτυῦ,</strong></span> <span class='ocrx_word' id='word_1_265' title='bbox 697 3706 749 3770; x_wconf 81' lang='grc' dir='ltr'><strong>ἳνα</strong></span> <span class='ocrx_word' id='word_1_266' title='bbox 775 3705 941 3780; x_wconf 75' lang='grc' dir='ltr'><strong>ύΕετάσεως</strong></span> <span class='ocrx_word' id='word_1_267' title='bbox 963 3715 1129 3792; x_wconf 75' lang='grc' dir='ltr'><strong>γενομένης</strong></span> <span class='ocrx_word' id='word_1_268' title='bbox 1154 3711 1238 3790; x_wconf 81' lang='grc' dir='ltr'><strong>παρά</strong></span> <span class='ocrx_word' id='word_1_269' title='bbox 1270 3718 1323 3772; x_wconf 86' lang='grc' dir='ltr'><strong>τοῦ</strong></span> 
     </span>
     <span class='ocr_line' id='line_1_30' title="bbox 105 3824 1323 3913; baseline 0.003 -25"><span class='ocrx_word' id='word_1_270' title='bbox 105 3831 240 3894; x_wconf 86' lang='grc' dir='ltr'><strong>τοιούτου</strong></span> <span class='ocrx_word' id='word_1_271' title='bbox 262 3828 495 3912; x_wconf 84' lang='grc' dir='ltr'><strong>ἀτυκρισιαρίυυ</strong></span> <span class='ocrx_word' id='word_1_272' title='bbox 518 3825 737 3910; x_wconf 83' lang='grc' dir='ltr'><strong>ἀεροσταθῦς,</strong></span> <span class='ocrx_word' id='word_1_273' title='bbox 761 3824 802 3899; x_wconf 77' lang='grc' dir='ltr'><strong>ῦς</strong></span> <span class='ocrx_word' id='word_1_274' title='bbox 824 3837 878 3892; x_wconf 93' lang='grc' dir='ltr'><strong>τυῦ</strong></span> <span class='ocrx_word' id='word_1_275' title='bbox 899 3831 978 3893; x_wconf 83' lang='grc' dir='ltr'><strong>θεοῦ</strong></span> <span class='ocrx_word' id='word_1_276' title='bbox 998 3827 1120 3892; x_wconf 85' lang='grc' dir='ltr'><strong>ἀνωθεν</strong></span> <span class='ocrx_word' id='word_1_277' title='bbox 1144 3826 1323 3913; x_wconf 77' lang='grc' dir='ltr'><strong>ίρυριόντυς,</strong></span> 
     </span>
    </p>
   </div>
   <div class='ocr_carea' id='block_1_4' title="bbox 106 3943 1327 4625">
    <p class='ocr_par' dir='ltr' id='par_1_4' title="bbox 106 3943 1327 4625">
     <span class='ocr_line' id='line_1_31' title="bbox 106 3943 1324 4029; baseline 0.002 -23"><span class='ocrx_word' id='word_1_278' title='bbox 106 3951 253 4028; x_wconf 74' lang='grc' dir='ltr'><strong>παρόντος</strong></span> <span class='ocrx_word' id='word_1_279' title='bbox 273 3952 407 4010; x_wconf 78' lang='grc' dir='ltr'><strong>καὶτοῦ</strong></span> <span class='ocrx_word' id='word_1_280' title='bbox 434 3950 544 4029; x_wconf 77' lang='grc' dir='ltr'><strong>μόρους</strong></span> <span class='ocrx_word' id='word_1_281' title='bbox 571 3953 624 4008; x_wconf 87' lang='grc' dir='ltr'><strong>τοῦ</strong></span> <span class='ocrx_word' id='word_1_282' title='bbox 650 3953 708 4029; x_wconf 77' lang='grc' dir='ltr'><strong>κύρ</strong></span> <span class='ocrx_word' id='word_1_283' title='bbox 730 3943 888 4028; x_wconf 88' lang='grc' dir='ltr'><strong>Ῥωμανυῦ</strong></span> <span class='ocrx_word' id='word_1_284' title='bbox 915 3945 1040 4010; x_wconf 77' lang='grc' dir='ltr'><strong>ίνιόαιον</strong></span> <span class='ocrx_word' id='word_1_285' title='bbox 1066 3956 1124 4008; x_wconf 82' lang='grc' dir='ltr'><strong>τῶν</strong></span> <span class='ocrx_word' id='word_1_286' title='bbox 1153 3947 1324 4028; x_wconf 82' lang='grc' dir='ltr'><strong>μελλόντων</strong></span> 
     </span>
     <span class='ocr_line' id='line_1_32' title="bbox 108 4059 1324 4154; baseline 0 -28"><span class='ocrx_word' id='word_1_287' title='bbox 108 4069 263 4131; x_wconf 92' lang='grc' dir='ltr'><strong>συνελθείν</strong></span> <span class='ocrx_word' id='word_1_288' title='bbox 291 4067 538 4154; x_wconf 83' lang='grc' dir='ltr'><strong>θεοριλεστάτων</strong></span> <span class='ocrx_word' id='word_1_289' title='bbox 564 4063 736 4129; x_wconf 78' lang='grc' dir='ltr'><strong>λαισκόκων</strong></span> <span class='ocrx_word' id='word_1_290' title='bbox 762 4071 817 4129; x_wconf 81' lang='grc' dir='ltr'><strong>καί</strong></span> <span class='ocrx_word' id='word_1_291' title='bbox 842 4061 1066 4143; x_wconf 88' lang='grc' dir='ltr'><strong>εύγινεστάτων</strong></span> <span class='ocrx_word' id='word_1_292' title='bbox 1094 4059 1195 4150; x_wconf 81' lang='grc' dir='ltr'><strong>ῥηγιῦν</strong></span> <span class='ocrx_word' id='word_1_293' title='bbox 1220 4065 1324 4128; x_wconf 67' lang='grc' dir='ltr'><strong>ἕνεκεν</strong></span> 
     </span>
     <span class='ocr_line' id='line_1_33' title="bbox 108 4182 1326 4270; baseline -0.002 -21"><span class='ocrx_word' id='word_1_294' title='bbox 108 4192 158 4267; x_wconf 77' lang='grc' dir='ltr'><strong>της</strong></span> <span class='ocrx_word' id='word_1_295' title='bbox 178 4189 323 4270; x_wconf 88' lang='grc' dir='ltr'><strong>τοιαύτης</strong></span> <span class='ocrx_word' id='word_1_296' title='bbox 345 4182 532 4260; x_wconf 88' lang='grc' dir='ltr'><strong>ύιευθίσεως,</strong></span> <span class='ocrx_word' id='word_1_297' title='bbox 555 4189 681 4268; x_wconf 81' lang='grc' dir='ltr'><strong>γίνηται</strong></span> <span class='ocrx_word' id='word_1_298' title='bbox 703 4183 857 4270; x_wconf 74' lang='grc' dir='ltr'><strong>ίγγραρυς</strong></span> <span class='ocrx_word' id='word_1_299' title='bbox 878 4183 1152 4268; x_wconf 84' lang='grc' dir='ltr'><strong>κατησραλισμίνη</strong></span> <span class='ocrx_word' id='word_1_300' title='bbox 1176 4189 1326 4267; x_wconf 85' lang='grc' dir='ltr'><strong>μαρτυρία</strong></span> 
     </span>
     <span class='ocr_line' id='line_1_34' title="bbox 109 4301 1325 4388; baseline 0.002 -26"><span class='ocrx_word' id='word_1_301' title='bbox 109 4301 160 4365; x_wconf 83' lang='grc' dir='ltr'><strong>καὶ</strong></span> <span class='ocrx_word' id='word_1_302' title='bbox 179 4308 433 4388; x_wconf 84' lang='grc' dir='ltr'><strong>ταρσσημείιεσις</strong></span> <span class='ocrx_word' id='word_1_303' title='bbox 454 4307 572 4368; x_wconf 73' lang='grc' dir='ltr'><strong>πάντων</strong></span> <span class='ocrx_word' id='word_1_304' title='bbox 594 4311 652 4364; x_wconf 80' lang='grc' dir='ltr'><strong>των</strong></span> <span class='ocrx_word' id='word_1_305' title='bbox 675 4302 942 4386; x_wconf 83' lang='grc' dir='ltr'><strong>λαληθησυρόνων</strong></span> <span class='ocrx_word' id='word_1_306' title='bbox 963 4307 1018 4364; x_wconf 89' lang='grc' dir='ltr'><strong>καί</strong></span> <span class='ocrx_word' id='word_1_307' title='bbox 1034 4301 1325 4386; x_wconf 74' lang='grc' dir='ltr'><strong>ίξετασθησυμίνων</strong></span> 
     </span>
     <span class='ocr_line' id='line_1_35' title="bbox 111 4417 1326 4505; baseline -0.002 -21"><span class='ocrx_word' id='word_1_308' title='bbox 111 4426 196 4504; x_wconf 74' lang='grc' dir='ltr'><strong>χάριν</strong></span> <span class='ocrx_word' id='word_1_309' title='bbox 218 4434 277 4488; x_wconf 76' lang='grc' dir='ltr'><strong>τῶν</strong></span> <span class='ocrx_word' id='word_1_310' title='bbox 303 4424 446 4487; x_wconf 88' lang='grc' dir='ltr'><strong>τοιούτων</strong></span> <span class='ocrx_word' id='word_1_311' title='bbox 473 4421 960 4505; x_wconf 66' lang='grc' dir='ltr'><strong>αἰτιαμάτων,”ττιστωθησυμίνη</strong></span> <span class='ocrx_word' id='word_1_312' title='bbox 987 4425 1042 4484; x_wconf 86' lang='grc' dir='ltr'><strong>καί</strong></span> <span class='ocrx_word' id='word_1_313' title='bbox 1068 4417 1255 4504; x_wconf 84' lang='grc' dir='ltr'><strong>ύιτογραραῑτ</strong></span> <span class='ocrx_word' id='word_1_314' title='bbox 1277 4421 1326 4483; x_wconf 83' lang='grc' dir='ltr'><strong>υί-</strong></span> 
     </span>
     <span class='ocr_line' id='line_1_36' title="bbox 113 4536 1327 4625; baseline 0 -25"><span class='ocrx_word' id='word_1_315' title='bbox 113 4547 291 4625; x_wconf 80' lang='grc' dir='ltr'><strong>κιιοχείρσις</strong></span> <span class='ocrx_word' id='word_1_316' title='bbox 317 4552 376 4604; x_wconf 83' lang='grc' dir='ltr'><strong>τῦν</strong></span> <span class='ocrx_word' id='word_1_317' title='bbox 402 4563 434 4604; x_wconf 89' lang='grc' dir='ltr'><strong>τε</strong></span> <span class='ocrx_word' id='word_1_318' title='bbox 460 4541 707 4624; x_wconf 80' lang='grc' dir='ltr'><strong>θευριλεστάτων</strong></span> <span class='ocrx_word' id='word_1_319' title='bbox 736 4536 906 4602; x_wconf 78' lang='grc' dir='ltr'><strong>ἐπισκόπων</strong></span> <span class='ocrx_word' id='word_1_320' title='bbox 933 4546 987 4602; x_wconf 80' lang='grc' dir='ltr'><strong>καί</strong></span> <span class='ocrx_word' id='word_1_321' title='bbox 1012 4551 1071 4602; x_wconf 85' lang='grc' dir='ltr'><strong>των</strong></span> <span class='ocrx_word' id='word_1_322' title='bbox 1104 4538 1327 4616; x_wconf 72' lang='grc' dir='ltr'><strong>εὐγενεστάτων</strong></span> 
     </span>
    </p>
   </div>
   <div class='ocr_carea' id='block_1_5' title="bbox 0 0 1636 5282">
    <p class='ocr_par' dir='ltr' id='par_1_5' title="bbox 0 0 1636 5282">
     <span class='ocr_line' id='line_1_37' title="bbox 0 0 1636 5282; baseline 0 0"><span class='ocrx_word' id='word_1_323' title='bbox 0 0 1636 5282; x_wconf 95' lang='lat' dir='ltr'><strong> </strong></span> 
     </span>
    </p>
   </div>
  </div>
 </body>
</html>
