<?xml version="1.0" encoding="UTF-8"?>
<!DOCTYPE html PUBLIC "-//W3C//DTD XHTML 1.0 Transitional//EN"
    "http://www.w3.org/TR/xhtml1/DTD/xhtml1-transitional.dtd">
<html xmlns="http://www.w3.org/1999/xhtml" xml:lang="en" lang="en">
 <head>
  <title>
</title>
<meta http-equiv="Content-Type" content="text/html;charset=utf-8" />
  <meta name='ocr-system' content='tesseract 3.04.00' />
  <meta name='ocr-capabilities' content='ocr_page ocr_carea ocr_par ocr_line ocrx_word'/>
</head>
<body>
  <div class='ocr_page' id='page_1' title='image "./actaetdiplomata01miklgoog_0529.png"; bbox 0 0 3282 5270; ppageno 0'>
   <div class='ocr_carea' id='block_1_1' title="bbox 336 299 397 360">
    <p class='ocr_par' dir='ltr' id='par_1_1' title="bbox 336 267 1622 480">
     <span class='ocr_line' id='line_1_1' title="bbox 336 299 397 360; baseline -0.001 0"><span class='ocrx_word' id='word_1_1' title='bbox 336 299 397 360; x_wconf 77' lang='grc' dir='ltr'><strong>εσυ</strong></span> 
     </span>
    </p>
   </div>
   <div class='ocr_carea' id='block_1_2' title="bbox 315 481 1622 4547">
    <p class='ocr_par' dir='ltr' id='par_1_2' title="bbox 326 481 1622 3847">
     <span class='ocr_line' id='line_1_2' title="bbox 335 481 1622 566; baseline -0.002 -20"><span class='ocrx_word' id='word_1_2' title='bbox 335 505 404 554; x_wconf 92' lang='grc' dir='ltr'><strong>τους</strong></span> <span class='ocrx_word' id='word_1_3' title='bbox 426 489 480 546; x_wconf 86' lang='grc' dir='ltr'><strong>καί</strong></span> <span class='ocrx_word' id='word_1_4' title='bbox 502 494 560 547; x_wconf 77' lang='grc' dir='ltr'><strong>τῶν</strong></span> <span class='ocrx_word' id='word_1_5' title='bbox 583 483 710 546; x_wconf 77' lang='grc' dir='ltr'><strong>ἐπαίνων</strong></span> <span class='ocrx_word' id='word_1_6' title='bbox 733 487 787 544; x_wconf 85' lang='grc' dir='ltr'><strong>καί</strong></span> <span class='ocrx_word' id='word_1_7' title='bbox 809 492 867 545; x_wconf 81' lang='grc' dir='ltr'><strong>τῶν</strong></span> <span class='ocrx_word' id='word_1_8' title='bbox 901 491 1013 564; x_wconf 63' lang='grc' dir='ltr'><strong>γερῶν,</strong></span> <span class='ocrx_word' id='word_1_9' title='bbox 1044 481 1109 544; x_wconf 77' lang='grc' dir='ltr'><strong>ἐπεὶ</strong></span> <span class='ocrx_word' id='word_1_10' title='bbox 1134 487 1232 544; x_wconf 92' lang='grc' dir='ltr'><strong>τοίνυν</strong></span> <span class='ocrx_word' id='word_1_11' title='bbox 1253 485 1498 564; x_wconf 63' lang='grc' dir='ltr'><strong>προθυμουμένη</strong></span> <span class='ocrx_word' id='word_1_12' title='bbox 1525 493 1566 566; x_wconf 77' lang='grc' dir='ltr'><strong>τῇ</strong></span> <span class='ocrx_word' id='word_1_13' title='bbox 1621 483 1622 486; x_wconf 70' lang='grc'>’</span> 
     </span>
     <span class='ocr_line' id='line_1_3' title="bbox 333 598 1567 684; baseline -0.002 -22"><span class='ocrx_word' id='word_1_14' title='bbox 333 598 420 684; x_wconf 71' lang='grc' dir='ltr'><strong>ἡμῶν</strong></span> <span class='ocrx_word' id='word_1_15' title='bbox 454 604 626 682; x_wconf 68' lang='grc' dir='ltr'><strong>μετριότητι</strong></span> <span class='ocrx_word' id='word_1_16' title='bbox 648 603 737 682; x_wconf 78' lang='grc' dir='ltr'><strong>τιμήν</strong></span> <span class='ocrx_word' id='word_1_17' title='bbox 763 618 829 662; x_wconf 89' lang='grc' dir='ltr'><strong>τινα</strong></span> <span class='ocrx_word' id='word_1_18' title='bbox 861 603 1032 680; x_wconf 73' lang='grc' dir='ltr'><strong>περιθεῖναι</strong></span> <span class='ocrx_word' id='word_1_19' title='bbox 1063 609 1100 682; x_wconf 81' lang='grc' dir='ltr'><strong>τη</strong></span> <span class='ocrx_word' id='word_1_20' title='bbox 1134 601 1288 680; x_wconf 79' lang='grc' dir='ltr'><strong>σεβασμίιρ</strong></span> <span class='ocrx_word' id='word_1_21' title='bbox 1321 600 1467 682; x_wconf 72' lang='grc' dir='ltr'><strong>βασιλικῇ</strong></span> <span class='ocrx_word' id='word_1_22' title='bbox 1506 602 1567 660; x_wconf 87' lang='grc' dir='ltr'><strong>καί</strong></span> 
     </span>
     <span class='ocr_line' id='line_1_4' title="bbox 333 716 1567 800; baseline -0.005 -19"><span class='ocrx_word' id='word_1_23' title='bbox 333 728 540 800; x_wconf 77' lang='grc' dir='ltr'><strong>πατριαρχικῇ</strong></span> <span class='ocrx_word' id='word_1_24' title='bbox 574 728 652 798; x_wconf 77' lang='grc' dir='ltr'><strong>μονῇ</strong></span> <span class='ocrx_word' id='word_1_25' title='bbox 685 728 723 799; x_wconf 77' lang='grc' dir='ltr'><strong>τῇ</strong></span> <span class='ocrx_word' id='word_1_26' title='bbox 771 719 852 780; x_wconf 84' lang='grc' dir='ltr'><strong>κατὰ</strong></span> <span class='ocrx_word' id='word_1_27' title='bbox 890 717 942 799; x_wconf 75' lang='grc' dir='ltr'><strong>τὴν</strong></span> <span class='ocrx_word' id='word_1_28' title='bbox 983 716 1216 798; x_wconf 84' lang='grc' dir='ltr'><strong>Πελοπόννησον</strong></span> <span class='ocrx_word' id='word_1_29' title='bbox 1260 717 1454 797; x_wconf 74' lang='grc' dir='ltr'><strong>διακειμένη,</strong></span> <span class='ocrx_word' id='word_1_30' title='bbox 1510 716 1567 776; x_wconf 83' lang='grc' dir='ltr'><strong>διά</strong></span> 
     </span>
     <span class='ocr_line' id='line_1_5' title="bbox 333 825 1622 916; baseline -0.004 -19"><span class='ocrx_word' id='word_1_31' title='bbox 333 838 368 897; x_wconf 85' lang='grc' dir='ltr'><strong>τό</strong></span> <span class='ocrx_word' id='word_1_32' title='bbox 391 834 435 905; x_wconf 87' lang='grc' dir='ltr'><strong>είς</strong></span> <span class='ocrx_word' id='word_1_33' title='bbox 457 833 555 916; x_wconf 81' lang='grc' dir='ltr'><strong>ὄνομα</strong></span> <span class='ocrx_word' id='word_1_34' title='bbox 569 835 688 914; x_wconf 77' lang='grc' dir='ltr'><strong>’ταύτην</strong></span> <span class='ocrx_word' id='word_1_35' title='bbox 710 836 862 914; x_wconf 86' lang='grc' dir='ltr'><strong>τιμᾶσθαι</strong></span> <span class='ocrx_word' id='word_1_36' title='bbox 884 843 938 915; x_wconf 75' lang='grc' dir='ltr'><strong>τῆς</strong></span> <span class='ocrx_word' id='word_1_37' title='bbox 959 838 1175 916; x_wconf 88' lang='grc' dir='ltr'><strong>παναχράντυυ</strong></span> <span class='ocrx_word' id='word_1_38' title='bbox 1197 837 1389 916; x_wconf 81' lang='grc' dir='ltr'><strong>θεομητορσς</strong></span> <span class='ocrx_word' id='word_1_39' title='bbox 1411 837 1465 895; x_wconf 88' lang='grc' dir='ltr'><strong>καί</strong></span> <span class='ocrx_word' id='word_1_40' title='bbox 1490 830 1564 893; x_wconf 86' lang='grc' dir='ltr'><strong>ἐτει-</strong></span> <span class='ocrx_word' id='word_1_41' title='bbox 1621 825 1622 900; x_wconf 66' lang='grc' dir='ltr'><strong>ί</strong></span> 
     </span>
     <span class='ocr_line' id='line_1_6' title="bbox 332 923 1622 1034; baseline 0.002 -21"><span class='ocrx_word' id='word_1_42' title='bbox 332 953 528 1034; x_wconf 79' lang='grc' dir='ltr'><strong>κεκλημένης</strong></span> <span class='ocrx_word' id='word_1_43' title='bbox 562 951 835 1032; x_wconf 71' lang='grc' dir='ltr'><strong>τούΒροντοχιόυ,</strong></span> <span class='ocrx_word' id='word_1_44' title='bbox 870 950 1031 1033; x_wconf 83' lang='grc' dir='ltr'><strong>ἀνηνέχθη</strong></span> <span class='ocrx_word' id='word_1_45' title='bbox 1053 953 1160 1033; x_wconf 79' lang='grc' dir='ltr'><strong>ταύτῃ,</strong></span> <span class='ocrx_word' id='word_1_46' title='bbox 1184 949 1230 1013; x_wconf 82' lang='grc' dir='ltr'><strong>ὅτι</strong></span> <span class='ocrx_word' id='word_1_47' title='bbox 1251 952 1468 1032; x_wconf 86' lang='grc' dir='ltr'><strong>προεβιβάσθη</strong></span> <span class='ocrx_word' id='word_1_48' title='bbox 1506 953 1564 1010; x_wconf 82' lang='grc' dir='ltr'><strong>καί</strong></span> <span class='ocrx_word' id='word_1_49' title='bbox 1621 923 1622 1016; x_wconf 72' lang='grc' dir='ltr'><strong>ύ</strong></span> 
     </span>
     <span class='ocr_line' id='line_1_7' title="bbox 334 1065 1561 1152; baseline -0.002 -21"><span class='ocrx_word' id='word_1_50' title='bbox 334 1069 469 1152; x_wconf 81' lang='grc' dir='ltr'><strong>ἐτιμήθη</strong></span> <span class='ocrx_word' id='word_1_51' title='bbox 491 1067 511 1152; x_wconf 82' lang='grc' dir='ltr'>ἡ</span> <span class='ocrx_word' id='word_1_52' title='bbox 534 1073 658 1151; x_wconf 82' lang='grc' dir='ltr'><strong>τοιαύτη</strong></span> <span class='ocrx_word' id='word_1_53' title='bbox 682 1070 759 1150; x_wconf 81' lang='grc' dir='ltr'><strong>μονὴ</strong></span> <span class='ocrx_word' id='word_1_54' title='bbox 782 1066 830 1130; x_wconf 84' lang='grc' dir='ltr'><strong>ἐπί</strong></span> <span class='ocrx_word' id='word_1_55' title='bbox 852 1079 910 1130; x_wconf 88' lang='grc' dir='ltr'><strong>τιῑιν</strong></span> <span class='ocrx_word' id='word_1_56' title='bbox 932 1067 1052 1151; x_wconf 77' lang='grc' dir='ltr'><strong>ἡμερῶν</strong></span> <span class='ocrx_word' id='word_1_57' title='bbox 1075 1079 1128 1132; x_wconf 89' lang='grc' dir='ltr'><strong>τού</strong></span> <span class='ocrx_word' id='word_1_58' title='bbox 1156 1067 1187 1131; x_wconf 89' lang='grc' dir='ltr'><strong>ἐν</strong></span> <span class='ocrx_word' id='word_1_59' title='bbox 1210 1068 1310 1145; x_wconf 83' lang='grc' dir='ltr'><strong>ἁγίοις</strong></span> <span class='ocrx_word' id='word_1_60' title='bbox 1331 1071 1446 1150; x_wconf 80' lang='grc' dir='ltr'><strong>πατρὸς</strong></span> <span class='ocrx_word' id='word_1_61' title='bbox 1468 1065 1561 1152; x_wconf 76' lang='grc' dir='ltr'><strong>ἡμῶν</strong></span> 
     </span>
     <span class='ocr_line' id='line_1_8' title="bbox 333 1185 1561 1270; baseline -0.003 -18"><span class='ocrx_word' id='word_1_62' title='bbox 333 1187 526 1252; x_wconf 80' lang='grc' dir='ltr'><strong>Ἀθανασίυυ</strong></span> <span class='ocrx_word' id='word_1_63' title='bbox 547 1192 747 1270; x_wconf 78' lang='grc' dir='ltr'><strong>πατριάρχου,</strong></span> <span class='ocrx_word' id='word_1_64' title='bbox 772 1189 816 1249; x_wconf 81' lang='grc' dir='ltr'><strong>ἔτι</strong></span> <span class='ocrx_word' id='word_1_65' title='bbox 839 1189 873 1248; x_wconf 87' lang='grc' dir='ltr'><strong>δέ</strong></span> <span class='ocrx_word' id='word_1_66' title='bbox 895 1191 949 1248; x_wconf 91' lang='grc' dir='ltr'><strong>καὶ</strong></span> <span class='ocrx_word' id='word_1_67' title='bbox 970 1192 1054 1270; x_wconf 81' lang='grc' dir='ltr'><strong>παρὰ</strong></span> <span class='ocrx_word' id='word_1_68' title='bbox 1075 1198 1133 1249; x_wconf 81' lang='grc' dir='ltr'><strong>τῶν</strong></span> <span class='ocrx_word' id='word_1_69' title='bbox 1155 1188 1268 1248; x_wconf 76' lang='grc' dir='ltr'><strong>λοιπῶν</strong></span> <span class='ocrx_word' id='word_1_70' title='bbox 1294 1185 1473 1261; x_wconf 82' lang='grc' dir='ltr'><strong>ἁγιωτάτων</strong></span> <span class='ocrx_word' id='word_1_71' title='bbox 1497 1207 1561 1248; x_wconf 81' lang='grc' dir='ltr'><strong>πα·</strong></span> 
     </span>
     <span class='ocr_line' id='line_1_9' title="bbox 332 1303 1561 1388; baseline -0.001 -22"><span class='ocrx_word' id='word_1_72' title='bbox 332 1314 484 1386; x_wconf 86' lang='grc' dir='ltr'><strong>τριαρχῶν</strong></span> <span class='ocrx_word' id='word_1_73' title='bbox 517 1303 561 1374; x_wconf 86' lang='grc' dir='ltr'><strong>είς</strong></span> <span class='ocrx_word' id='word_1_74' title='bbox 595 1305 648 1386; x_wconf 73' lang='grc' dir='ltr'><strong>τήν</strong></span> <span class='ocrx_word' id='word_1_75' title='bbox 681 1313 734 1366; x_wconf 85' lang='grc' dir='ltr'><strong>τού</strong></span> <span class='ocrx_word' id='word_1_76' title='bbox 757 1303 996 1388; x_wconf 89' lang='grc' dir='ltr'><strong>ἀρχιμανδρίτου</strong></span> <span class='ocrx_word' id='word_1_77' title='bbox 1030 1309 1082 1366; x_wconf 80' lang='grc' dir='ltr'><strong>καί</strong></span> <span class='ocrx_word' id='word_1_78' title='bbox 1112 1304 1249 1386; x_wconf 75' lang='grc' dir='ltr'><strong>μεγάλου</strong></span> <span class='ocrx_word' id='word_1_79' title='bbox 1281 1304 1561 1384; x_wconf 80' lang='grc' dir='ltr'><strong>πρωτοσυγκέλλου</strong></span> 
     </span>
     <span class='ocr_line' id='line_1_10' title="bbox 332 1418 1559 1505; baseline -0.003 -21"><span class='ocrx_word' id='word_1_80' title='bbox 332 1423 430 1504; x_wconf 72' lang='grc' dir='ltr'><strong>τιμὴν,</strong></span> <span class='ocrx_word' id='word_1_81' title='bbox 453 1425 507 1482; x_wconf 85' lang='grc' dir='ltr'><strong>καί</strong></span> <span class='ocrx_word' id='word_1_82' title='bbox 529 1419 575 1483; x_wconf 81' lang='grc' dir='ltr'><strong>ὅτι</strong></span> <span class='ocrx_word' id='word_1_83' title='bbox 598 1420 729 1504; x_wconf 86' lang='grc' dir='ltr'><strong>ἐξεδόθη</strong></span> <span class='ocrx_word' id='word_1_84' title='bbox 752 1418 830 1505; x_wconf 77' lang='grc' dir='ltr'><strong>αὐτῇ</strong></span> <span class='ocrx_word' id='word_1_85' title='bbox 852 1424 934 1504; x_wconf 82' lang='grc' dir='ltr'><strong>λόγῳ</strong></span> <span class='ocrx_word' id='word_1_86' title='bbox 958 1427 1103 1504; x_wconf 87' lang='grc' dir='ltr'><strong>μετοχίου</strong></span> <span class='ocrx_word' id='word_1_87' title='bbox 1125 1423 1176 1484; x_wconf 82' lang='grc' dir='ltr'><strong>διὰ</strong></span> <span class='ocrx_word' id='word_1_88' title='bbox 1199 1421 1411 1497; x_wconf 84' lang='grc' dir='ltr'><strong>σιγιλλιύδους</strong></span> <span class='ocrx_word' id='word_1_89' title='bbox 1435 1419 1559 1482; x_wconf 81' lang='grc' dir='ltr'><strong>ἐκείνου</strong></span> 
     </span>
     <span class='ocr_line' id='line_1_11' title="bbox 333 1536 1560 1629; baseline 0.001 -31"><span class='ocrx_word' id='word_1_90' title='bbox 333 1540 514 1620; x_wconf 72' lang='grc' dir='ltr'><strong>γράμματος</strong></span> <span class='ocrx_word' id='word_1_91' title='bbox 536 1541 590 1629; x_wconf 86' lang='grc' dir='ltr'><strong>καί</strong></span> <span class='ocrx_word' id='word_1_92' title='bbox 612 1539 769 1621; x_wconf 86' lang='grc' dir='ltr'><strong>μσνύδριυν</strong></span> <span class='ocrx_word' id='word_1_93' title='bbox 792 1543 826 1602; x_wconf 86' lang='grc' dir='ltr'><strong>τό</strong></span> <span class='ocrx_word' id='word_1_94' title='bbox 849 1537 892 1608; x_wconf 83' lang='grc' dir='ltr'><strong>είς</strong></span> <span class='ocrx_word' id='word_1_95' title='bbox 914 1536 1012 1622; x_wconf 79' lang='grc' dir='ltr'><strong>ὄνομα</strong></span> <span class='ocrx_word' id='word_1_96' title='bbox 1032 1543 1202 1621; x_wconf 80' lang='grc' dir='ltr'><strong>’τιμώμενον</strong></span> <span class='ocrx_word' id='word_1_97' title='bbox 1228 1547 1282 1602; x_wconf 81' lang='grc' dir='ltr'><strong>τοῦ</strong></span> <span class='ocrx_word' id='word_1_98' title='bbox 1308 1537 1398 1615; x_wconf 81' lang='grc' dir='ltr'><strong>ἁγίου</strong></span> <span class='ocrx_word' id='word_1_99' title='bbox 1431 1536 1560 1609; x_wconf 78' lang='grc' dir='ltr'><strong>ἐνδόξου</strong></span> 
     </span>
     <span class='ocr_line' id='line_1_12' title="bbox 333 1651 1557 1740; baseline -0.001 -23"><span class='ocrx_word' id='word_1_100' title='bbox 333 1655 507 1719; x_wconf 79' lang='grc' dir='ltr'><strong>ἀποστόλου</strong></span> <span class='ocrx_word' id='word_1_101' title='bbox 529 1659 583 1718; x_wconf 86' lang='grc' dir='ltr'><strong>καί</strong></span> <span class='ocrx_word' id='word_1_102' title='bbox 605 1651 822 1732; x_wconf 75' lang='grc' dir='ltr'><strong>εὐαγγελιστοῦ</strong></span> <span class='ocrx_word' id='word_1_103' title='bbox 844 1654 983 1719; x_wconf 78' lang='grc' dir='ltr'><strong>Ἰωάννου</strong></span> <span class='ocrx_word' id='word_1_104' title='bbox 1006 1666 1059 1720; x_wconf 86' lang='grc' dir='ltr'><strong>τοδ</strong></span> <span class='ocrx_word' id='word_1_105' title='bbox 1081 1659 1236 1734; x_wconf 88' lang='grc' dir='ltr'><strong>θεολόγου</strong></span> <span class='ocrx_word' id='word_1_106' title='bbox 1256 1660 1324 1740; x_wconf 86' lang='grc' dir='ltr'><strong>περί</strong></span> <span class='ocrx_word' id='word_1_107' title='bbox 1344 1657 1415 1726; x_wconf 88' lang='grc' dir='ltr'><strong>τούς</strong></span> <span class='ocrx_word' id='word_1_108' title='bbox 1436 1655 1557 1736; x_wconf 72' lang='grc' dir='ltr'><strong>Καβα-</strong></span> 
     </span>
     <span class='ocr_line' id='line_1_13' title="bbox 331 1773 1557 1857; baseline 0.001 -24"><span class='ocrx_word' id='word_1_109' title='bbox 331 1773 404 1843; x_wconf 91' lang='grc' dir='ltr'><strong>λούς</strong></span> <span class='ocrx_word' id='word_1_110' title='bbox 426 1773 632 1855; x_wconf 87' lang='grc' dir='ltr'><strong>διακείμενον,</strong></span> <span class='ocrx_word' id='word_1_111' title='bbox 665 1776 840 1857; x_wconf 79' lang='grc' dir='ltr'><strong>προέβησαν</strong></span> <span class='ocrx_word' id='word_1_112' title='bbox 867 1775 901 1835; x_wconf 81' lang='grc' dir='ltr'><strong>δό</strong></span> <span class='ocrx_word' id='word_1_113' title='bbox 928 1775 976 1837; x_wconf 87' lang='grc' dir='ltr'><strong>ἐπί</strong></span> <span class='ocrx_word' id='word_1_114' title='bbox 998 1785 1036 1857; x_wconf 73' lang='grc' dir='ltr'><strong>τῇ</strong></span> <span class='ocrx_word' id='word_1_115' title='bbox 1058 1776 1184 1856; x_wconf 89' lang='grc' dir='ltr'><strong>τοιαύτη</strong></span> <span class='ocrx_word' id='word_1_116' title='bbox 1207 1777 1362 1855; x_wconf 79' lang='grc' dir='ltr'><strong>σεβασμίη</strong></span> <span class='ocrx_word' id='word_1_117' title='bbox 1384 1784 1466 1857; x_wconf 69' lang='grc' dir='ltr'><strong>μονῇ</strong></span> <span class='ocrx_word' id='word_1_118' title='bbox 1502 1775 1557 1834; x_wconf 82' lang='grc' dir='ltr'><strong>καί</strong></span> 
     </span>
     <span class='ocr_line' id='line_1_14' title="bbox 330 1888 1556 1976; baseline -0.002 -22"><span class='ocrx_word' id='word_1_119' title='bbox 330 1888 421 1974; x_wconf 73' lang='grc' dir='ltr'><strong>ἐτ’τρα</strong></span> <span class='ocrx_word' id='word_1_120' title='bbox 444 1893 639 1974; x_wconf 80' lang='grc' dir='ltr'><strong>δικαιώματα</strong></span> <span class='ocrx_word' id='word_1_121' title='bbox 661 1890 718 1956; x_wconf 87' lang='grc' dir='ltr'><strong>ούκ</strong></span> <span class='ocrx_word' id='word_1_122' title='bbox 740 1891 843 1969; x_wconf 84' lang='grc' dir='ltr'><strong>δλίγα,</strong></span> <span class='ocrx_word' id='word_1_123' title='bbox 871 1897 967 1956; x_wconf 85' lang='grc' dir='ltr'><strong>σεπτά</strong></span> <span class='ocrx_word' id='word_1_124' title='bbox 988 1893 1068 1976; x_wconf 83' lang='grc' dir='ltr'><strong>δῆτα</strong></span> <span class='ocrx_word' id='word_1_125' title='bbox 1089 1894 1305 1975; x_wconf 89' lang='grc' dir='ltr'><strong>χρυσόβυυλλα</strong></span> <span class='ocrx_word' id='word_1_126' title='bbox 1326 1896 1380 1954; x_wconf 90' lang='grc' dir='ltr'><strong>καί</strong></span> <span class='ocrx_word' id='word_1_127' title='bbox 1401 1911 1556 1972; x_wconf 79' lang='grc' dir='ltr'><strong>πατριάρ-</strong></span> 
     </span>
     <span class='ocr_line' id='line_1_15' title="bbox 332 2007 1558 2094; baseline -0.002 -24"><span class='ocrx_word' id='word_1_128' title='bbox 332 2013 420 2091; x_wconf 90' lang='grc' dir='ltr'><strong>χικαί</strong></span> <span class='ocrx_word' id='word_1_129' title='bbox 453 2008 577 2093; x_wconf 81' lang='grc' dir='ltr'><strong>γραφαὶ,</strong></span> <span class='ocrx_word' id='word_1_130' title='bbox 601 2009 646 2072; x_wconf 78' lang='grc' dir='ltr'><strong>ἐτι</strong></span> <span class='ocrx_word' id='word_1_131' title='bbox 668 2011 702 2071; x_wconf 80' lang='grc' dir='ltr'><strong>δέ</strong></span> <span class='ocrx_word' id='word_1_132' title='bbox 724 2013 778 2071; x_wconf 83' lang='grc' dir='ltr'><strong>καὶ</strong></span> <span class='ocrx_word' id='word_1_133' title='bbox 810 2008 1020 2094; x_wconf 83' lang='grc' dir='ltr'><strong>ἀπογραρικαί</strong></span> <span class='ocrx_word' id='word_1_134' title='bbox 1053 2007 1322 2079; x_wconf 75' lang='grc' dir='ltr'><strong>ἀποκαταστάσεις</strong></span> <span class='ocrx_word' id='word_1_135' title='bbox 1353 2009 1470 2071; x_wconf 83' lang='grc' dir='ltr'><strong>πολλαί</strong></span> <span class='ocrx_word' id='word_1_136' title='bbox 1503 2010 1558 2068; x_wconf 89' lang='grc' dir='ltr'><strong>καί</strong></span> 
     </span>
     <span class='ocr_line' id='line_1_16' title="bbox 329 2121 1555 2210; baseline -0.002 -23"><span class='ocrx_word' id='word_1_137' title='bbox 329 2125 471 2210; x_wconf 80' lang='grc' dir='ltr'><strong>διάφοροι</strong></span> <span class='ocrx_word' id='word_1_138' title='bbox 493 2125 691 2207; x_wconf 75' lang='grc' dir='ltr'><strong>ἐπικυροῦται</strong></span> <span class='ocrx_word' id='word_1_139' title='bbox 711 2135 808 2187; x_wconf 82' lang='grc' dir='ltr'><strong>πᾶσαι</strong></span> <span class='ocrx_word' id='word_1_140' title='bbox 829 2131 884 2188; x_wconf 80' lang='grc' dir='ltr'><strong>καὶ</strong></span> <span class='ocrx_word' id='word_1_141' title='bbox 907 2128 1098 2206; x_wconf 83' lang='grc' dir='ltr'><strong>βεβαιούσαι,</strong></span> <span class='ocrx_word' id='word_1_142' title='bbox 1122 2121 1323 2208; x_wconf 83' lang='grc' dir='ltr'><strong>εὑρίσκεσθαι</strong></span> <span class='ocrx_word' id='word_1_143' title='bbox 1343 2129 1376 2188; x_wconf 83' lang='grc' dir='ltr'><strong>τό</strong></span> <span class='ocrx_word' id='word_1_144' title='bbox 1393 2126 1555 2208; x_wconf 81' lang='grc' dir='ltr'><strong>είρημίνον</strong></span> 
     </span>
     <span class='ocr_line' id='line_1_17' title="bbox 330 2241 1622 2334; baseline -0.002 -30"><span class='ocrx_word' id='word_1_145' title='bbox 330 2244 488 2325; x_wconf 88' lang='grc' dir='ltr'><strong>μυνύδριον</strong></span> <span class='ocrx_word' id='word_1_146' title='bbox 521 2251 574 2304; x_wconf 87' lang='grc' dir='ltr'><strong>τού</strong></span> <span class='ocrx_word' id='word_1_147' title='bbox 607 2243 761 2317; x_wconf 81' lang='grc' dir='ltr'><strong>θεολόγοι</strong></span> <span class='ocrx_word' id='word_1_148' title='bbox 795 2241 837 2314; x_wconf 82' lang='grc' dir='ltr'><strong>είς</strong></span> <span class='ocrx_word' id='word_1_149' title='bbox 860 2247 1004 2325; x_wconf 85' lang='grc' dir='ltr'><strong>μετύχιον</strong></span> <span class='ocrx_word' id='word_1_150' title='bbox 1030 2250 1083 2326; x_wconf 80' lang='grc' dir='ltr'><strong>τῆς</strong></span> <span class='ocrx_word' id='word_1_151' title='bbox 1110 2245 1253 2326; x_wconf 77' lang='grc' dir='ltr'><strong>τοιαύτης</strong></span> <span class='ocrx_word' id='word_1_152' title='bbox 1287 2250 1339 2306; x_wconf 86' lang='grc' dir='ltr'><strong>τού</strong></span> <span class='ocrx_word' id='word_1_153' title='bbox 1361 2243 1554 2325; x_wconf 87' lang='grc' dir='ltr'><strong>Βρυντσχίου</strong></span> <span class='ocrx_word' id='word_1_154' title='bbox 1621 2269 1622 2334; x_wconf 71' lang='lat'><em>}</em></span> 
     </span>
     <span class='ocr_line' id='line_1_18' title="bbox 330 2339 1622 2442; baseline -0.001 -22"><span class='ocrx_word' id='word_1_155' title='bbox 330 2369 425 2442; x_wconf 81' lang='grc' dir='ltr'><strong>μονῆς</strong></span> <span class='ocrx_word' id='word_1_156' title='bbox 448 2359 493 2430; x_wconf 86' lang='grc' dir='ltr'><strong>είς</strong></span> <span class='ocrx_word' id='word_1_157' title='bbox 515 2359 586 2428; x_wconf 87' lang='grc' dir='ltr'><strong>τούς</strong></span> <span class='ocrx_word' id='word_1_158' title='bbox 612 2356 682 2440; x_wconf 80' lang='grc' dir='ltr'><strong>ἑξῆς</strong></span> <span class='ocrx_word' id='word_1_159' title='bbox 716 2356 852 2430; x_wconf 80' lang='grc' dir='ltr'><strong>ἅπαντας</strong></span> <span class='ocrx_word' id='word_1_160' title='bbox 884 2364 939 2422; x_wconf 86' lang='grc' dir='ltr'><strong>καί</strong></span> <span class='ocrx_word' id='word_1_161' title='bbox 971 2351 1127 2441; x_wconf 73' lang='grc' dir='ltr'><strong>διηνεκεῖς</strong></span> <span class='ocrx_word' id='word_1_162' title='bbox 1148 2365 1293 2442; x_wconf 90' lang='grc' dir='ltr'><strong>χρόνους,</strong></span> <span class='ocrx_word' id='word_1_163' title='bbox 1326 2363 1376 2420; x_wconf 88' lang='grc' dir='ltr'><strong>ναί</strong></span> <span class='ocrx_word' id='word_1_164' title='bbox 1402 2361 1464 2440; x_wconf 81' lang='grc' dir='ltr'><strong>μην</strong></span> <span class='ocrx_word' id='word_1_165' title='bbox 1498 2361 1554 2419; x_wconf 82' lang='grc' dir='ltr'><strong>καί</strong></span> <span class='ocrx_word' id='word_1_166' title='bbox 1621 2339 1622 2352; x_wconf 34' lang='lat'>¹</span> 
     </span>
     <span class='ocr_line' id='line_1_19' title="bbox 329 2472 1622 2558; baseline -0.002 -20"><span class='ocrx_word' id='word_1_167' title='bbox 329 2481 393 2556; x_wconf 86' lang='grc' dir='ltr'><strong>περί</strong></span> <span class='ocrx_word' id='word_1_168' title='bbox 415 2485 473 2536; x_wconf 76' lang='grc' dir='ltr'><strong>τῶν</strong></span> <span class='ocrx_word' id='word_1_169' title='bbox 496 2474 605 2555; x_wconf 78' lang='grc' dir='ltr'><strong>ἀπόρων</strong></span> <span class='ocrx_word' id='word_1_170' title='bbox 628 2479 790 2557; x_wconf 82' lang='grc' dir='ltr'><strong>κτημάτων</strong></span> <span class='ocrx_word' id='word_1_171' title='bbox 813 2481 867 2538; x_wconf 78' lang='grc' dir='ltr'><strong>καί</strong></span> <span class='ocrx_word' id='word_1_172' title='bbox 889 2481 1039 2558; x_wconf 86' lang='grc' dir='ltr'><strong>μετοχίων</strong></span> <span class='ocrx_word' id='word_1_173' title='bbox 1063 2472 1167 2558; x_wconf 84' lang='grc' dir='ltr'><strong>αύτης,</strong></span> <span class='ocrx_word' id='word_1_174' title='bbox 1191 2473 1270 2538; x_wconf 73' lang='grc' dir='ltr'><strong>ὥστε</strong></span> <span class='ocrx_word' id='word_1_175' title='bbox 1289 2480 1436 2558; x_wconf 83' lang='grc' dir='ltr'><strong>κατέχειν</strong></span> <span class='ocrx_word' id='word_1_176' title='bbox 1451 2483 1551 2538; x_wconf 81' lang='grc' dir='ltr'><strong>ταῦτα</strong></span> <span class='ocrx_word' id='word_1_177' title='bbox 1621 2489 1622 2506; x_wconf 66' lang='grc'>’</span> 
     </span>
     <span class='ocr_line' id='line_1_20' title="bbox 329 2587 1622 2678; baseline -0.001 -24"><span class='ocrx_word' id='word_1_178' title='bbox 329 2595 381 2654; x_wconf 81' lang='grc' dir='ltr'><strong>καί</strong></span> <span class='ocrx_word' id='word_1_179' title='bbox 401 2595 551 2674; x_wconf 85' lang='grc' dir='ltr'><strong>νέμεσθαι</strong></span> <span class='ocrx_word' id='word_1_180' title='bbox 574 2587 667 2676; x_wconf 82' lang='grc' dir='ltr'><strong>αύτην</strong></span> <span class='ocrx_word' id='word_1_181' title='bbox 691 2591 855 2663; x_wconf 79' lang='grc' dir='ltr'><strong>ἀκωλύτως</strong></span> <span class='ocrx_word' id='word_1_182' title='bbox 877 2595 1036 2668; x_wconf 88' lang='grc' dir='ltr'><strong>καθάπαξ,</strong></span> <span class='ocrx_word' id='word_1_183' title='bbox 1059 2591 1078 2678; x_wconf 74' lang='grc' dir='ltr'>ἡ</span> <span class='ocrx_word' id='word_1_184' title='bbox 1096 2597 1254 2677; x_wconf 87' lang='grc' dir='ltr'><strong>μετριότης</strong></span> <span class='ocrx_word' id='word_1_185' title='bbox 1274 2588 1360 2675; x_wconf 73' lang='grc' dir='ltr'><strong>ἡμῶν</strong></span> <span class='ocrx_word' id='word_1_186' title='bbox 1376 2596 1455 2673; x_wconf 83' lang='grc' dir='ltr'><strong>μετά</strong></span> <span class='ocrx_word' id='word_1_187' title='bbox 1468 2594 1550 2656; x_wconf 79' lang='grc' dir='ltr'><strong>πυλ-</strong></span> <span class='ocrx_word' id='word_1_188' title='bbox 1621 2623 1622 2672; x_wconf 66' lang='grc' dir='ltr'><strong>γ</strong></span> 
     </span>
     <span class='ocr_line' id='line_1_21' title="bbox 328 2708 1549 2793; baseline 0 -24"><span class='ocrx_word' id='word_1_189' title='bbox 328 2711 383 2793; x_wconf 79' lang='grc' dir='ltr'><strong>λῆς</strong></span> <span class='ocrx_word' id='word_1_190' title='bbox 403 2712 580 2792; x_wconf 85' lang='grc' dir='ltr'><strong>προθυμίας</strong></span> <span class='ocrx_word' id='word_1_191' title='bbox 605 2714 643 2772; x_wconf 85' lang='grc' dir='ltr'><strong>τά</strong></span> <span class='ocrx_word' id='word_1_192' title='bbox 666 2710 811 2792; x_wconf 81' lang='grc' dir='ltr'><strong>είρημένα</strong></span> <span class='ocrx_word' id='word_1_193' title='bbox 833 2711 1029 2792; x_wconf 81' lang='grc' dir='ltr'><strong>δικαιώματα</strong></span> <span class='ocrx_word' id='word_1_194' title='bbox 1051 2714 1150 2773; x_wconf 91' lang='grc' dir='ltr'><strong>πάντα</strong></span> <span class='ocrx_word' id='word_1_195' title='bbox 1177 2709 1363 2791; x_wconf 83' lang='grc' dir='ltr'><strong>ἐπικυρούσα</strong></span> <span class='ocrx_word' id='word_1_196' title='bbox 1394 2713 1450 2772; x_wconf 87' lang='grc' dir='ltr'><strong>καί</strong></span> <span class='ocrx_word' id='word_1_197' title='bbox 1484 2708 1549 2772; x_wconf 85' lang='grc' dir='ltr'><strong>οίον</strong></span> 
     </span>
     <span class='ocr_line' id='line_1_22' title="bbox 328 2822 1548 2909; baseline 0.003 -25"><span class='ocrx_word' id='word_1_198' title='bbox 328 2822 417 2884; x_wconf 81' lang='grc' dir='ltr'><strong>εἰπεῖν</strong></span> <span class='ocrx_word' id='word_1_199' title='bbox 440 2826 596 2909; x_wconf 80' lang='grc' dir='ltr'><strong>σρραγίδα</strong></span> <span class='ocrx_word' id='word_1_200' title='bbox 618 2827 735 2896; x_wconf 89' lang='grc' dir='ltr'><strong>τούτοις</strong></span> <span class='ocrx_word' id='word_1_201' title='bbox 758 2824 938 2898; x_wconf 83' lang='grc' dir='ltr'><strong>ἐπιτιθεῖσα,</strong></span> <span class='ocrx_word' id='word_1_202' title='bbox 962 2825 1013 2887; x_wconf 82' lang='grc' dir='ltr'><strong>διὰ</strong></span> <span class='ocrx_word' id='word_1_203' title='bbox 1036 2826 1198 2904; x_wconf 86' lang='grc' dir='ltr'><strong>βεβαίωσιν</strong></span> <span class='ocrx_word' id='word_1_204' title='bbox 1220 2831 1275 2886; x_wconf 83' lang='grc' dir='ltr'><strong>καί</strong></span> <span class='ocrx_word' id='word_1_205' title='bbox 1302 2825 1489 2908; x_wconf 81' lang='grc' dir='ltr'><strong>ἀσφάλειαν,</strong></span> <span class='ocrx_word' id='word_1_206' title='bbox 1514 2828 1548 2888; x_wconf 86' lang='grc' dir='ltr'>τό</span> 
     </span>
     <span class='ocr_line' id='line_1_23' title="bbox 328 2938 1545 3026; baseline 0.004 -25"><span class='ocrx_word' id='word_1_207' title='bbox 328 2943 415 3022; x_wconf 88' lang='grc' dir='ltr'><strong>ταρύν</strong></span> <span class='ocrx_word' id='word_1_208' title='bbox 439 2942 589 3016; x_wconf 87' lang='grc' dir='ltr'><strong>σιγίλλιον</strong></span> <span class='ocrx_word' id='word_1_209' title='bbox 612 2939 750 3017; x_wconf 89' lang='grc' dir='ltr'><strong>ἀπολύει,</strong></span> <span class='ocrx_word' id='word_1_210' title='bbox 773 2943 812 3002; x_wconf 79' lang='grc' dir='ltr'><strong>δι’</strong></span> <span class='ocrx_word' id='word_1_211' title='bbox 834 2938 869 3004; x_wconf 86' lang='grc' dir='ltr'><strong>ού</strong></span> <span class='ocrx_word' id='word_1_212' title='bbox 892 2946 946 3003; x_wconf 90' lang='grc' dir='ltr'><strong>καί</strong></span> <span class='ocrx_word' id='word_1_213' title='bbox 969 2942 1000 3002; x_wconf 86' lang='grc' dir='ltr'><strong>ἐν</strong></span> <span class='ocrx_word' id='word_1_214' title='bbox 1024 2941 1102 3024; x_wconf 86' lang='grc' dir='ltr'><strong>άγίιρ</strong></span> <span class='ocrx_word' id='word_1_215' title='bbox 1117 2944 1362 3024; x_wconf 80' lang='grc' dir='ltr'><strong>παρακελεύεται</strong></span> <span class='ocrx_word' id='word_1_216' title='bbox 1384 2947 1545 3026; x_wconf 87' lang='grc' dir='ltr'><strong>πνεύματι,</strong></span> 
     </span>
     <span class='ocr_line' id='line_1_24' title="bbox 328 3055 1545 3143; baseline 0.003 -23"><span class='ocrx_word' id='word_1_217' title='bbox 328 3062 420 3120; x_wconf 88' lang='grc' dir='ltr'><strong>τάντα</strong></span> <span class='ocrx_word' id='word_1_218' title='bbox 442 3065 538 3121; x_wconf 80' lang='grc' dir='ltr'><strong>ταῦτα</strong></span> <span class='ocrx_word' id='word_1_219' title='bbox 560 3061 594 3120; x_wconf 87' lang='grc' dir='ltr'><strong>τό</strong></span> <span class='ocrx_word' id='word_1_220' title='bbox 618 3063 742 3140; x_wconf 84' lang='grc' dir='ltr'><strong>στέργον</strong></span> <span class='ocrx_word' id='word_1_221' title='bbox 766 3057 849 3140; x_wconf 79' lang='grc' dir='ltr'><strong>ἐχειν</strong></span> <span class='ocrx_word' id='word_1_222' title='bbox 871 3061 925 3120; x_wconf 81' lang='grc' dir='ltr'><strong>καί</strong></span> <span class='ocrx_word' id='word_1_223' title='bbox 947 3055 1140 3140; x_wconf 82' lang='grc' dir='ltr'><strong>ἀμετάθετον</strong></span> <span class='ocrx_word' id='word_1_224' title='bbox 1163 3059 1195 3132; x_wconf 75' lang='grc' dir='ltr'><strong>ἐν</strong></span> <span class='ocrx_word' id='word_1_225' title='bbox 1217 3070 1318 3135; x_wconf 77' lang='grc' dir='ltr'><strong>πᾶσιν,</strong></span> <span class='ocrx_word' id='word_1_226' title='bbox 1342 3059 1386 3132; x_wconf 84' lang='grc' dir='ltr'><strong>είς</strong></span> <span class='ocrx_word' id='word_1_227' title='bbox 1409 3059 1470 3124; x_wconf 79' lang='grc' dir='ltr'><strong>ὅσα</strong></span> <span class='ocrx_word' id='word_1_228' title='bbox 1485 3062 1545 3143; x_wconf 87' lang='grc' dir='ltr'><strong>δη-</strong></span> 
     </span>
     <span class='ocr_line' id='line_1_25' title="bbox 327 3163 1545 3263; baseline 0.004 -26"><span class='ocrx_word' id='word_1_229' title='bbox 327 3179 424 3238; x_wconf 71' lang='grc' dir='ltr'><strong>λονότι</strong></span> <span class='ocrx_word' id='word_1_230' title='bbox 455 3180 537 3238; x_wconf 84' lang='grc' dir='ltr'><strong>κατὰ</strong></span> <span class='ocrx_word' id='word_1_231' title='bbox 571 3180 662 3258; x_wconf 80' lang='grc' dir='ltr'><strong>μέρος</strong></span> <span class='ocrx_word' id='word_1_232' title='bbox 689 3177 934 3258; x_wconf 83' lang='grc' dir='ltr'><strong>διαλαμβάνουσί</strong></span> <span class='ocrx_word' id='word_1_233' title='bbox 956 3163 1064 3238; x_wconf 82' lang='grc' dir='ltr'><strong>τεκαὶ</strong></span> <span class='ocrx_word' id='word_1_234' title='bbox 1085 3181 1276 3259; x_wconf 73' lang='grc' dir='ltr'><strong>περιέχουσι,</strong></span> <span class='ocrx_word' id='word_1_235' title='bbox 1309 3183 1363 3242; x_wconf 90' lang='grc' dir='ltr'><strong>καί</strong></span> <span class='ocrx_word' id='word_1_236' title='bbox 1396 3185 1545 3263; x_wconf 90' lang='grc' dir='ltr'><strong>κατέχειν</strong></span> 
     </span>
     <span class='ocr_line' id='line_1_26' title="bbox 327 3289 1543 3379; baseline 0.005 -27"><span class='ocrx_word' id='word_1_237' title='bbox 327 3296 374 3354; x_wconf 80' lang='grc' dir='ltr'><strong>ταί</strong></span> <span class='ocrx_word' id='word_1_238' title='bbox 405 3295 555 3374; x_wconf 89' lang='grc' dir='ltr'><strong>νέμεσθαι</strong></span> <span class='ocrx_word' id='word_1_239' title='bbox 589 3293 659 3363; x_wconf 87' lang='grc' dir='ltr'><strong>τούς</strong></span> <span class='ocrx_word' id='word_1_240' title='bbox 682 3289 924 3376; x_wconf 82' lang='grc' dir='ltr'><strong>ἐνασκυυμὲνους</strong></span> <span class='ocrx_word' id='word_1_241' title='bbox 957 3291 1034 3376; x_wconf 80' lang='grc' dir='ltr'><strong>αύτη</strong></span> <span class='ocrx_word' id='word_1_242' title='bbox 1061 3297 1216 3376; x_wconf 87' lang='grc' dir='ltr'><strong>μοναχούς</strong></span> <span class='ocrx_word' id='word_1_243' title='bbox 1238 3299 1272 3356; x_wconf 86' lang='grc' dir='ltr'><strong>τό</strong></span> <span class='ocrx_word' id='word_1_244' title='bbox 1295 3295 1456 3379; x_wconf 77' lang='grc' dir='ltr'><strong>εἰρημένον</strong></span> <span class='ocrx_word' id='word_1_245' title='bbox 1489 3307 1543 3361; x_wconf 83' lang='grc' dir='ltr'><strong>τοῦ</strong></span> 
     </span>
     <span class='ocr_line' id='line_1_27' title="bbox 327 3406 1541 3496; baseline 0.006 -27"><span class='ocrx_word' id='word_1_246' title='bbox 327 3410 475 3486; x_wconf 77' lang='grc' dir='ltr'><strong>θεολόγοι</strong></span> <span class='ocrx_word' id='word_1_247' title='bbox 510 3411 669 3491; x_wconf 86' lang='grc' dir='ltr'><strong>μονύδριον</strong></span> <span class='ocrx_word' id='word_1_248' title='bbox 702 3414 755 3472; x_wconf 85' lang='grc' dir='ltr'><strong>καί</strong></span> <span class='ocrx_word' id='word_1_249' title='bbox 775 3415 875 3472; x_wconf 89' lang='grc' dir='ltr'><strong>πάντα</strong></span> <span class='ocrx_word' id='word_1_250' title='bbox 898 3413 936 3471; x_wconf 87' lang='grc' dir='ltr'><strong>τὰ</strong></span> <span class='ocrx_word' id='word_1_251' title='bbox 959 3406 1056 3471; x_wconf 83' lang='grc' dir='ltr'><strong>αύτων</strong></span> <span class='ocrx_word' id='word_1_252' title='bbox 1081 3414 1211 3493; x_wconf 85' lang='grc' dir='ltr'><strong>μετόχιά</strong></span> <span class='ocrx_word' id='word_1_253' title='bbox 1244 3433 1277 3472; x_wconf 85' lang='grc' dir='ltr'><strong>τι</strong></span> <span class='ocrx_word' id='word_1_254' title='bbox 1310 3417 1364 3473; x_wconf 85' lang='grc' dir='ltr'><strong>καί</strong></span> <span class='ocrx_word' id='word_1_255' title='bbox 1396 3417 1541 3496; x_wconf 74' lang='grc' dir='ltr'><strong>κτήματα</strong></span> 
     </span>
     <span class='ocr_line' id='line_1_28' title="bbox 327 3521 1540 3612; baseline 0.005 -25"><span class='ocrx_word' id='word_1_256' title='bbox 327 3531 401 3589; x_wconf 84' lang='grc' dir='ltr'><strong>ιατά</strong></span> <span class='ocrx_word' id='word_1_257' title='bbox 422 3531 477 3598; x_wconf 83' lang='grc' dir='ltr'><strong>τὰς</strong></span> <span class='ocrx_word' id='word_1_258' title='bbox 499 3527 643 3606; x_wconf 90' lang='grc' dir='ltr'><strong>δυνάμεις</strong></span> <span class='ocrx_word' id='word_1_259' title='bbox 657 3531 710 3588; x_wconf 81' lang='grc' dir='ltr'><strong>καί</strong></span> <span class='ocrx_word' id='word_1_260' title='bbox 725 3527 902 3608; x_wconf 79' lang='grc' dir='ltr'><strong>περιλήψεις</strong></span> <span class='ocrx_word' id='word_1_261' title='bbox 917 3536 975 3586; x_wconf 83' lang='grc' dir='ltr'><strong>τῶν</strong></span> <span class='ocrx_word' id='word_1_262' title='bbox 992 3521 1186 3608; x_wconf 80' lang='grc' dir='ltr'><strong>ὑπαρχόντων</strong></span> <span class='ocrx_word' id='word_1_263' title='bbox 1206 3525 1308 3598; x_wconf 84' lang='grc' dir='ltr'><strong>αύτυῖς</strong></span> <span class='ocrx_word' id='word_1_264' title='bbox 1323 3529 1540 3612; x_wconf 87' lang='grc' dir='ltr'><strong>δικαιωμάτων</strong></span> 
     </span>
     <span class='ocr_line' id='line_1_29' title="bbox 326 3641 1622 3730; baseline 0.003 -26"><span class='ocrx_word' id='word_1_265' title='bbox 326 3643 527 3728; x_wconf 79' lang='grc' dir='ltr'><strong>ὶναραιρότως</strong></span> <span class='ocrx_word' id='word_1_266' title='bbox 542 3665 573 3705; x_wconf 88' lang='grc' dir='ltr'><strong>τε</strong></span> <span class='ocrx_word' id='word_1_267' title='bbox 588 3647 642 3705; x_wconf 87' lang='grc' dir='ltr'><strong>καί</strong></span> <span class='ocrx_word' id='word_1_268' title='bbox 658 3641 900 3712; x_wconf 88' lang='grc' dir='ltr'><strong>ἀναποσπάστως</strong></span> <span class='ocrx_word' id='word_1_269' title='bbox 916 3642 958 3712; x_wconf 83' lang='grc' dir='ltr'><strong>είς</strong></span> <span class='ocrx_word' id='word_1_270' title='bbox 974 3641 1070 3706; x_wconf 81' lang='grc' dir='ltr'><strong>αίιδνα</strong></span> <span class='ocrx_word' id='word_1_271' title='bbox 1085 3646 1136 3704; x_wconf 84' lang='grc' dir='ltr'><strong>τὸν</strong></span> <span class='ocrx_word' id='word_1_272' title='bbox 1155 3641 1283 3706; x_wconf 78' lang='grc' dir='ltr'><strong>ἅπαντα.</strong></span> <span class='ocrx_word' id='word_1_273' title='bbox 1301 3643 1365 3706; x_wconf 87' lang='grc' dir='ltr'><strong>ἐπεί</strong></span> <span class='ocrx_word' id='word_1_274' title='bbox 1380 3643 1407 3706; x_wconf 85' lang='grc' dir='ltr'><strong>δ’</strong></span> <span class='ocrx_word' id='word_1_275' title='bbox 1429 3645 1539 3730; x_wconf 85' lang='grc' dir='ltr'><strong>ἀνηνέ-</strong></span> <span class='ocrx_word' id='word_1_276' title='bbox 1621 3685 1622 3690; x_wconf 42' lang='lat'>1</span> 
     </span>
     <span class='ocr_line' id='line_1_30' title="bbox 326 3755 1537 3847; baseline 0.002 -25"><span class='ocrx_word' id='word_1_277' title='bbox 326 3763 386 3844; x_wconf 69' lang='grc' dir='ltr'><strong>(θη</strong></span> <span class='ocrx_word' id='word_1_278' title='bbox 401 3765 455 3823; x_wconf 86' lang='grc' dir='ltr'><strong>καὶ</strong></span> <span class='ocrx_word' id='word_1_279' title='bbox 470 3769 559 3822; x_wconf 86' lang='grc' dir='ltr'><strong>τοῦτο</strong></span> <span class='ocrx_word' id='word_1_280' title='bbox 574 3771 611 3842; x_wconf 76' lang='grc' dir='ltr'><strong>τῇ</strong></span> <span class='ocrx_word' id='word_1_281' title='bbox 626 3755 710 3843; x_wconf 75' lang='grc' dir='ltr'><strong>ἡμῶν</strong></span> <span class='ocrx_word' id='word_1_282' title='bbox 730 3764 910 3843; x_wconf 89' lang='grc' dir='ltr'><strong>μετριότητι,</strong></span> <span class='ocrx_word' id='word_1_283' title='bbox 922 3763 1006 3842; x_wconf 84' lang='grc' dir='ltr'><strong>παρὰ</strong></span> <span class='ocrx_word' id='word_1_284' title='bbox 1021 3769 1074 3821; x_wconf 82' lang='grc' dir='ltr'><strong>τοῦ</strong></span> <span class='ocrx_word' id='word_1_285' title='bbox 1087 3759 1130 3830; x_wconf 84' lang='grc' dir='ltr'><strong>τίς</strong></span> <span class='ocrx_word' id='word_1_286' title='bbox 1141 3757 1319 3844; x_wconf 75' lang='grc' dir='ltr'><strong>ἡγούμενον,</strong></span> <span class='ocrx_word' id='word_1_287' title='bbox 1335 3761 1537 3847; x_wconf 84' lang='grc' dir='ltr'><strong>ἀρχιμανδρί-</strong></span> 
     </span>
    </p>

    <p class='ocr_par' dir='ltr' id='par_1_3' title="bbox 326 3872 1535 4084">
     <span class='ocr_line' id='line_1_31' title="bbox 326 3872 1533 3964; baseline 0.007 -26"><span class='ocrx_word' id='word_1_288' title='bbox 326 3897 370 3960; x_wconf 77' lang='grc' dir='ltr'><strong>την</strong></span> <span class='ocrx_word' id='word_1_289' title='bbox 386 3882 439 3938; x_wconf 84' lang='grc' dir='ltr'><strong>καί</strong></span> <span class='ocrx_word' id='word_1_290' title='bbox 455 3881 551 3958; x_wconf 87' lang='grc' dir='ltr'><strong>μέγαν</strong></span> <span class='ocrx_word' id='word_1_291' title='bbox 566 3877 838 3958; x_wconf 87' lang='grc' dir='ltr'><strong>πρωτυσύγκελλυν</strong></span> <span class='ocrx_word' id='word_1_292' title='bbox 854 3875 964 3959; x_wconf 85' lang='grc' dir='ltr'><strong>ἀρτίως</strong></span> <span class='ocrx_word' id='word_1_293' title='bbox 980 3872 1195 3957; x_wconf 74' lang='grc' dir='ltr'><strong>εὑρισκομένου</strong></span> <span class='ocrx_word' id='word_1_294' title='bbox 1210 3887 1263 3962; x_wconf 82' lang='grc' dir='ltr'><strong>τῆς</strong></span> <span class='ocrx_word' id='word_1_295' title='bbox 1279 3881 1423 3964; x_wconf 79' lang='grc' dir='ltr'><strong>τοιαύτης</strong></span> <span class='ocrx_word' id='word_1_296' title='bbox 1438 3886 1533 3964; x_wconf 88' lang='grc' dir='ltr'><strong>σεβα-</strong></span> 
     </span>
     <span class='ocr_line' id='line_1_32' title="bbox 326 3993 1535 4084; baseline 0.002 -26"><span class='ocrx_word' id='word_1_297' title='bbox 326 4000 409 4078; x_wconf 86' lang='grc' dir='ltr'><strong>τμίας</strong></span> <span class='ocrx_word' id='word_1_298' title='bbox 432 3993 593 4076; x_wconf 81' lang='grc' dir='ltr'><strong>βασιλικῆς</strong></span> <span class='ocrx_word' id='word_1_299' title='bbox 615 3997 669 4054; x_wconf 87' lang='grc' dir='ltr'><strong>καί</strong></span> <span class='ocrx_word' id='word_1_300' title='bbox 689 4002 914 4075; x_wconf 81' lang='grc' dir='ltr'><strong>πατριαρχικῆς</strong></span> <span class='ocrx_word' id='word_1_301' title='bbox 937 4003 1040 4076; x_wconf 79' lang='grc' dir='ltr'><strong>μονῆς,</strong></span> <span class='ocrx_word' id='word_1_302' title='bbox 1064 3997 1245 4074; x_wconf 85' lang='grc' dir='ltr'><strong>τιμιωτάτου</strong></span> <span class='ocrx_word' id='word_1_303' title='bbox 1266 3994 1297 4057; x_wconf 82' lang='grc' dir='ltr'><strong>ἐν</strong></span> <span class='ocrx_word' id='word_1_304' title='bbox 1320 3994 1535 4084; x_wconf 81' lang='grc' dir='ltr'><strong>ἱερομυνάχοις</strong></span> 
     </span>
    </p>

    <p class='ocr_par' dir='ltr' id='par_1_4' title="bbox 325 4099 1531 4200">
     <span class='ocr_line' id='line_1_33' title="bbox 325 4099 1531 4200; baseline 0.004 -26"><span class='ocrx_word' id='word_1_305' title='bbox 325 4121 372 4194; x_wconf 85' lang='grc' dir='ltr'><strong>ιδρ</strong></span> <span class='ocrx_word' id='word_1_306' title='bbox 387 4111 565 4194; x_wconf 87' lang='grc' dir='ltr'><strong>Κυπριανυύ-</strong></span> <span class='ocrx_word' id='word_1_307' title='bbox 575 4115 630 4172; x_wconf 90' lang='grc' dir='ltr'><strong>καί</strong></span> <span class='ocrx_word' id='word_1_308' title='bbox 645 4120 702 4170; x_wconf 83' lang='grc' dir='ltr'><strong>τῶν</strong></span> <span class='ocrx_word' id='word_1_309' title='bbox 719 4107 949 4190; x_wconf 83' lang='grc' dir='ltr'><strong>ἐνασκουμὲνων</strong></span> <span class='ocrx_word' id='word_1_310' title='bbox 966 4105 1209 4192; x_wconf 73' lang='grc' dir='ltr'><strong>αύτῇμυναχῶν,</strong></span> <span class='ocrx_word' id='word_1_311' title='bbox 1225 4109 1267 4183; x_wconf 81' lang='grc' dir='ltr'><strong>ύς</strong></span> <span class='ocrx_word' id='word_1_312' title='bbox 1278 4111 1316 4196; x_wconf 79' lang='grc' dir='ltr'><strong>ἡν</strong></span> <span class='ocrx_word' id='word_1_313' title='bbox 1327 4099 1401 4176; x_wconf 82' lang='grc' dir='ltr'><strong>ποτε</strong></span> <span class='ocrx_word' id='word_1_314' title='bbox 1413 4121 1531 4200; x_wconf 84' lang='grc' dir='ltr'><strong>χρόνος,</strong></span> 
     </span>
    </p>

    <p class='ocr_par' dir='ltr' id='par_1_5' title="bbox 315 4223 1532 4547">
     <span class='ocr_line' id='line_1_34' title="bbox 325 4223 1532 4312; baseline 0.003 -22"><span class='ocrx_word' id='word_1_315' title='bbox 325 4232 372 4310; x_wconf 82' lang='grc' dir='ltr'><strong>ιρό</strong></span> <span class='ocrx_word' id='word_1_316' title='bbox 389 4236 441 4290; x_wconf 86' lang='grc' dir='ltr'><strong>τού</strong></span> <span class='ocrx_word' id='word_1_317' title='bbox 457 4231 605 4305; x_wconf 85' lang='grc' dir='ltr'><strong>γενέσθαι</strong></span> <span class='ocrx_word' id='word_1_318' title='bbox 619 4227 740 4310; x_wconf 81' lang='grc' dir='ltr'><strong>δηλαδὴ</strong></span> <span class='ocrx_word' id='word_1_319' title='bbox 756 4227 808 4308; x_wconf 78' lang='grc' dir='ltr'><strong>την</strong></span> <span class='ocrx_word' id='word_1_320' title='bbox 824 4233 877 4287; x_wconf 83' lang='grc' dir='ltr'><strong>τού</strong></span> <span class='ocrx_word' id='word_1_321' title='bbox 890 4225 1028 4296; x_wconf 80' lang='grc' dir='ltr'><strong>Πέλοπος</strong></span> <span class='ocrx_word' id='word_1_322' title='bbox 1044 4235 1135 4309; x_wconf 84' lang='grc' dir='ltr'><strong>νῆσον</strong></span> <span class='ocrx_word' id='word_1_323' title='bbox 1147 4223 1203 4290; x_wconf 85' lang='grc' dir='ltr'><strong>ύπό</strong></span> <span class='ocrx_word' id='word_1_324' title='bbox 1215 4231 1268 4312; x_wconf 82' lang='grc' dir='ltr'><strong>την</strong></span> <span class='ocrx_word' id='word_1_325' title='bbox 1281 4241 1369 4312; x_wconf 84' lang='grc' dir='ltr'><strong>χεῖρα</strong></span> <span class='ocrx_word' id='word_1_326' title='bbox 1385 4242 1443 4295; x_wconf 78' lang='grc' dir='ltr'><strong>τῶν</strong></span> <span class='ocrx_word' id='word_1_327' title='bbox 1456 4233 1532 4296; x_wconf 86' lang='grc' dir='ltr'><strong>Ἰτα-</strong></span> 
     </span>
     <span class='ocr_line' id='line_1_35' title="bbox 315 4341 1530 4428; baseline -0.002 -15"><span class='ocrx_word' id='word_1_328' title='bbox 315 4355 389 4420; x_wconf 76' lang='grc' dir='ltr'><strong>υδν,</strong></span> <span class='ocrx_word' id='word_1_329' title='bbox 416 4343 467 4410; x_wconf 82' lang='grc' dir='ltr'><strong>δτι</strong></span> <span class='ocrx_word' id='word_1_330' title='bbox 490 4349 524 4408; x_wconf 87' lang='grc' dir='ltr'><strong>τύ</strong></span> <span class='ocrx_word' id='word_1_331' title='bbox 547 4344 703 4428; x_wconf 78' lang='grc' dir='ltr'><strong>εἰρημίνον</strong></span> <span class='ocrx_word' id='word_1_332' title='bbox 727 4354 780 4406; x_wconf 81' lang='grc' dir='ltr'><strong>τοῦ</strong></span> <span class='ocrx_word' id='word_1_333' title='bbox 802 4343 956 4418; x_wconf 88' lang='grc' dir='ltr'><strong>θεολόγυυ</strong></span> <span class='ocrx_word' id='word_1_334' title='bbox 984 4343 1142 4426; x_wconf 85' lang='grc' dir='ltr'><strong>μονόδριον</strong></span> <span class='ocrx_word' id='word_1_335' title='bbox 1165 4341 1262 4407; x_wconf 85' lang='grc' dir='ltr'><strong>ἐτέλει</strong></span> <span class='ocrx_word' id='word_1_336' title='bbox 1287 4345 1363 4408; x_wconf 84' lang='grc' dir='ltr'><strong>καθ’</strong></span> <span class='ocrx_word' id='word_1_337' title='bbox 1386 4346 1479 4411; x_wconf 71' lang='grc' dir='ltr'><strong>ἑαυτό</strong></span> <span class='ocrx_word' id='word_1_338' title='bbox 1501 4349 1530 4412; x_wconf 89' lang='grc' dir='ltr'><strong>ἐν</strong></span> 
     </span>
     <span class='ocr_line' id='line_1_36' title="bbox 325 4459 1532 4547; baseline 0 -21"><span class='ocrx_word' id='word_1_339' title='bbox 325 4461 482 4547; x_wconf 75' lang='grc' dir='ltr'><strong>ιύτονομύογ</strong></span> <span class='ocrx_word' id='word_1_340' title='bbox 503 4467 557 4526; x_wconf 86' lang='grc' dir='ltr'><strong>καί</strong></span> <span class='ocrx_word' id='word_1_341' title='bbox 580 4460 702 4542; x_wconf 75' lang='grc' dir='ltr'><strong>ἐξουσία</strong></span> <span class='ocrx_word' id='word_1_342' title='bbox 722 4461 795 4542; x_wconf 78' lang='grc' dir='ltr'><strong>ίδίορ,</strong></span> <span class='ocrx_word' id='word_1_343' title='bbox 819 4463 896 4544; x_wconf 81' lang='grc' dir='ltr'><strong>μονή</strong></span> <span class='ocrx_word' id='word_1_344' title='bbox 919 4482 963 4532; x_wconf 90' lang='grc' dir='ltr'><strong>τις</strong></span> <span class='ocrx_word' id='word_1_345' title='bbox 985 4459 1155 4543; x_wconf 82' lang='grc' dir='ltr'><strong>ὁλόκληρος</strong></span> <span class='ocrx_word' id='word_1_346' title='bbox 1170 4459 1249 4525; x_wconf 84' lang='grc' dir='ltr'><strong>υύσα</strong></span> <span class='ocrx_word' id='word_1_347' title='bbox 1263 4462 1340 4526; x_wconf 81' lang='grc' dir='ltr'><strong>καθ’</strong></span> <span class='ocrx_word' id='word_1_348' title='bbox 1355 4461 1466 4547; x_wconf 80' lang='grc' dir='ltr'><strong>ἐαυιην</strong></span> <span class='ocrx_word' id='word_1_349' title='bbox 1481 4465 1532 4528; x_wconf 85' lang='grc' dir='ltr'><strong>καί</strong></span> 
     </span>
    </p>
   </div>
   <div class='ocr_carea' id='block_1_3' title="bbox 0 0 1646 5270">
    <p class='ocr_par' dir='ltr' id='par_1_6' title="bbox 0 0 1646 5270">
     <span class='ocr_line' id='line_1_37' title="bbox 0 0 1646 5270; baseline 0 4"><span class='ocrx_word' id='word_1_350' title='bbox 0 0 1646 5270; x_wconf 95' lang='lat' dir='ltr'><strong> </strong></span> 
     </span>
    </p>
   </div>
  </div>
 </body>
</html>
