3256 5272
1234 301 1292 360 211

81 477 161 537 πατά
185 475 222 536 τό
248 471 403 556 ἀφραστόν
429 494 461 536 τε
486 476 541 538 ααί
568 447 817 559 ἀπροσπῖλαστον
850 475 914 546 ἀνω
940 475 1005 540 ἰστί
1029 483 1090 542 ιιαί·
1109 455 1296 566 όφηλότερον

83 589 155 654 αότδ
176 593 212 653 τό
228 593 315 654 θεῖον
329 601 387 654 τῶν
400 595 468 674 περί
490 587 564 656 αότά
586 596 785 686 νοσομίνανῖί
802 593 884 658 ἀλλά
905 599 960 658 ειαί
982 594 1000 659 ό
1020 599 1108 669 θεῖος
1122 597 1263 682 Ἰωάννης
1279 597 1297 662 ό

81 713 289 794 Δαμασκηνός
309 711 409 793 πάλιν1
422 709 454 772 ἰν
468 721 530 782 τοῖς
546 709 637 794 ἱεροῖς
653 715 784 796 μῖλεσιν·
808 712 879 788 ,,ἵνα
898 734 955 776 σοο
969 715 1072 799 δείξης
1088 714 1229 802 ἐμφανῶς
1244 719 1298 802 τήν

81 827 253 914 ἀπόρρητον
275 830 417 912 δεοτόραν
439 831 621 911 κατάβασιν,
648 828 727 902 ὅπως
749 829 766 894 6
792 827 918 914 ὕψιστος
944 835 1021 904 θεός
1047 820 1187 918 όφδήση
1202 833 1318 906 όστάς,

80 945 110 1006 ἰν
131 950 219 1028 μόσιφ
243 949 336 1022 θεῶν,
358 957 421 1018 τοῖς
443 946 627 1018 ἀποστόλοις
649 949 682 1010 ἰν
704 946 815 1030 Θαβιλρ
835 947 934 1032 Μωσή
961 951 1016 1012 σόν
1038 947 1127 1032 Ἠλία
1148 973 1180 1013 τε
1203 950 1299 1044 ἀρρή-

81 1085 135 1134 τως
151 1064 330 1152 ἀλαμήας“.
352 1068 407 1126 ιιαί
429 1063 460 1128 ἀν
483 1061 575 1148 ἀπόρῳ
590 1066 685 1156 μόλει.
708 1068 784 1140 ,,ιιαί
798 1069 907 1149 μιαρόν
922 1062 1098 1150 όποαρόψας
1114 1075 1169 1150 τῆς
1185 1069 1301 1151 σαραάς

81 1185 113 1244 τό
133 1184 339 1266 πρόσλημμα,
363 1187 590 1269 μετεμορφώθη
614 1184 788 1268 όμπροσδιν
812 1179 926 1260 αὐτῶν,
950 1183 1102 1270 ἀμφαίνων
1128 1195 1181 1248 τοῦ
1205 1186 1301 1270 ἀρχε-

26 1389 28 1394 ¹
82 1303 169 1374 τόποο
198 1301 339 1372 πάλλοος
369 1303 423 1384 τήν
451 1297 642 1386 εάπρίπειαν,
672 1305 726 1364 ιιαί
753 1303 867 1386 ταύτην
895 1299 955 1385 οόχ
980 1301 1158 1388 όλόιιληρον,
1184 1307 1219 1368 τό
1245 1297 1300 1388 μίν
1377 1314 1380 1321 “

83 1421 284 1509 πληροφοριῖν
306 1415 426 1495 αότοός,
450 1418 517 1504 ἅμα
538 1425 593 1484 ιιαί
615 1421 808 1506 φειδόμενος,
837 1424 944 1504 μήπως
970 1421 1025 1516 σόν
1051 1433 1089 1506 τῇ
1115 1421 1223 1505 όράσει
1249 1429 1305 1486 ιιαί

83 1543 113 1602 τό
135 1545 190 1625 ζῆν
215 1538 419 1615 ἀπολέσωσιν,
443 1537 511 1603 ἀλλ’
533 1537 576 1612 ἀς
596 1537 744 1625 ἠδύναντο
768 1552 877 1623 χωρεῖν
893 1551 955 1611 τοῖς
971 1547 1156 1624 σωματικοῖς
1178 1541 1303 1628 ἀφδαλ-
1340 1567 1345 1577 ·

85 1671 146 1742 μοῖς
158 1663 407 1744 περιφόροντες“.
419 1662 474 1720 ιιαί
488 1657 505 1722 6
521 1662 618 1741 μίηας
629 1657 787 1730 Διονόσιος
810 1655 904 1730 αὖθις
926 1657 943 1722 6
959 1661 1046 1730 θεῖός
1062 1680 1156 1743 φησιτ·
1170 1665 1303 1746 ,,τνόφος

83 1775 141 1840 ἰστί
162 1779 199 1841 τό
224 1775 389 1859 ἀπρόσιτον
411 1786 491 1862 φιῖς,
514 1774 593 1862 ἰνῷ
620 1787 774 1840 ιιατοιιιεῖν
802 1773 819 1840 ό
841 1779 919 1849 θεὸς
944 1763 1078 1856 λίχεται,
1101 1784 1156 1842 παί
1185 1780 1307 1862 ἀοριίτιρ

88 1893 155 1971 όντι,
170 1897 227 1958 διὰ
242 1896 298 1978 τήν
313 1891 525 1978 όπερῖχοοσαν
539 1897 705 1980 φανότητα,
728 1898 783 1958 ιιαί
798 1885 960 1978 ἀπροσίτφ’
975 1894 1014 1958 δι’
1030 1893 1198 1981 ὑπερβολήν
1214 1894 1304 1982 όπερ-

84 2017 176 2095 οοσίφ
191 2017 424 2097 φωτοχοσίας“.
441 2009 501 2096 οόχ
515 2010 532 2076 ό
547 2015 624 2084 θεός
639 2014 684 2088 δὲ,
700 2016 792 2098 φησίν
807 2010 824 2076 ό
840 2012 1067 2096 Χροσόστομος,
1078 2015 1187 2097 πατήρ,
1204 2013 1272 2078 ἀλλ’
1287 2013 1307 2098 ἡ

84 2134 172 2214 χόρος
195 2129 349 2216 ἀναχεῖται.
373 2129 439 2194 ἀπεί
460 2133 495 2194 66
517 2134 568 2194 τόν
589 2134 832 2214 προσγενόμενον
855 2129 903 2194 ἀπί
925 2141 979 2215 τής
1001 2135 1165 2217 θειοτάτης
1187 2131 1316 2218 όιιείνηςΙ

86 2251 161 2320 δίας
187 2260 256 2320 τοῖς
284 2247 468 2321 ἀποστόλοις
490 2251 585 2334 φόβον
611 2247 729 2320 ἐκεῖνος
758 2245 851 2320 αὖθις
876 2251 1094 2332 προεβάλλετο,
1122 2249 1164 2322 ὣς
1191 2249 1308 2322 ἀτελεῖς

81 2370 129 2428 ιιαί
149 2363 196 2430 ἀπ’
221 2364 318 2451 αότῆς
341 2368 463 2452 λιιείνης
493 2369 588 2442 διῖξαι
611 2367 663 2430 διὰ
684 2355 791 2430 τοάτοο
812 2368 883 2438 τοός
908 2365 1098 2438 ἀποστόλοος
1119 2371 1174 2430 ειαί
1195 2370 1230 2430 τό
1245 2378 1309 2452 φῶς

84 2497 166 2553 τοῦτο
189 2487 392 2570 χαμαίζηλον
424 2488 459 2548 τό
491 2493 659 2570 τηνικαῦτα
685 2485 804 2555 τοότοις
830 2481 997 2570 ὁρώμενον,
1024 2483 1041 2548 6
1067 2487 1230 2556 διίστατος
1251 2489 1309 2548 τιαί

84 2605 222 2691 ἀοίδιμος
246 2605 392 2686 βασιλεὺς
414 2601 470 2668 ἀπό
493 2612 546 2666 τοῦ
569 2605 707 2666 τοιοότοο
729 2605 797 2665 τότε
819 2605 919 2688 φωτός
933 2606 1053 2674 πάντως
1068 2607 1301 2682 ιιάταοηασδείς

84 2728 133 2810 τήν
160 2727 320 2800 διάνοιαν,
348 2723 415 2787 ἔστι
442 2726 497 2787 ιιαί
523 2725 629 2810 φόβος,
652 2721 743 2798 εἶπεν,
765 2719 801 2786 οό
824 2731 882 2785 τοῖν
905 2721 1122 2807 εἰσαγομένων,
1145 2723 1308 2797 ἀλλά,“το”ιν

84 2823 214 2922 τελείων,
237 2847 305 2927 περί
325 2839 361 2906 οὔ
384 2863 476 2929 φησιν
498 2841 515 2908 6
536 2846 703 2929 προφήτης·
721 2839 758 2918 ,,ό
781 2844 878 2928 φόβος
899 2847 1006 2926 ασρίοο
1029 2841 1133 2922 ἁγνός,
1156 2845 1308 2927 διαμῖνων

85 2965 122 3038 εἰς
143 2965 245 3029 αἰῶνα
260 2963 402 3035 αἰοῖνος“.
417 2967 472 3026 ιιαί
494 2962 635 3047 ἀλλαχοῦ
649 2959 750 3025 πόλιν·
767 2963 950 3047 ,,φοβήόητε
967 2965 1017 3024 τόν
1031 2965 1137 3045 ιιόριον
1151 2967 1262 3036 πάντες
1278 2963 1325 3027 οἱ·

84 3080 161 3160 ἅγιοι
186 3077 314 3144 αότοιῖ“.
337 3081 449 3164 δεῖγμα
469 3081 504 3143 66
526 3089 579 3143 τοιῖ
602 3082 645 3164 μή
671 3083 722 3142 τόν
749 3078 966 3156 εἰσαγωχιιιόν,
1000 3079 1083 3142 ἀλλὰ
1110 3083 1161 3142 τόν
1188 3082 1305 3150 τέλειον

85 3200 161 3284 ίχειν
183 3201 255 3262 τότε
277 3198 467 3282 φόβοντοός
490 3197 679 3268 ἀποστόλους
702 3199 736 3258 τό
759 3201 858 3280 ζητεῖν
883 3201 1067 3280 παραμόνιον
1084 3195 1132 3260 ἀεί
1147 3199 1189 3281 περ
1207 3197 1305 3281 ἀπορ-

83 3321 155 3402 ρήιρ
178 3317 288 3398 ἀπείνιρ
310 3317 456 3398 διάματι,
474 3319 653 3400 ’ποιήσωμεν
681 3317 740 3397 γὰρ
762 3312 832 3389 ὧδε,
861 3319 945 3399 φησί,
968 3326 1047 3397 τρεῖς
1076 3319 1209 3400 σιιηνάς,
1232 3321 1298 3378 καί·

83 3439 172 3502 παλόν
200 3435 283 3500 ἔστιν
308 3433 393 3521 ἡμᾶς
419 3433 480 3498 ὦδε
507 3434 593 3498 ιῖναι.
619 3432 637 3497 6
664 3438 723 3516 χάρ
748 3431 852 3516 ἕτερον
884 3436 992 3517 τρόπον
1018 3435 1070 3496 τόν
1096 3437 1190 3519 φόβον
1219 3435 1300 3518 ἔχων

87 3553 130 3618 ἀπ’
148 3555 271 3620 ἐκείνου
291 3557 495 3639 προδομεῖται
516 3556 647 3640 φεύγειν,
671 3551 688 3615 6
709 3556 765 3615 οιαί
786 3554 933 3638 φοβεῖται,
956 3551 1073 3634 Πίερος
1096 3553 1140 3626 δί,
1162 3549 1182 3636 ἡ
1205 3572 1299 3634 ιιορο-
1386 3615 1389 3621 ,

86 3679 157 3758 φαῖα
177 3687 238 3738 τοῖν
260 3674 438 3738 ἀποστόλων
461 3672 604 3758 ἀκρότης,
627 3676 757 3755 νομίσας
778 3674 831 3734 τόν
846 3672 1086 3754 διαστηματιειάν
1109 3679 1214 3734 τοῦτον
1237 3675 1300 3734 ιιαί·

85 3797 306 3876 τεπερασμίνον
333 3793 430 3856 αἰῶνα
454 3760 677 3874 παραρρωηναι,
705 3791 757 3852 τόν
779 3789 814 3851 δί
837 3787 1021 3851 ἀδιάστατόν
1041 3809 1074 3850 τε
1095 3793 1151 3852 ααί
1166 3787 1301 3872 ἄληπτον
1382 3835 1385 3840 -

89 3918 134 3972 τοῦ
154 3913 255 3996 φωτός
277 3909 391 3973 ἰειεῖνον
413 3908 602 3994 ἀπιφανήναι,
625 3909 722 3970 ιιαλόν
744 3904 826 3969 ἐστιν
847 3903 930 3991 ἡμᾶς
952 3903 1013 3968 ιἰδε
1035 3903 1123 3982 εἶναι,
1147 3905 1207 3969 ἀπό
1229 3907 1300 3968 δια-

89 4029 200 4100 δόσεως
221 4036 276 4111 τῆς
302 4031 402 4112 ψοχής
429 4027 636 4096 όνόιαστιοιιδς
663 4024 780 4100 ἔλεγεν,
809 4024 907 4088 όιιιῖνο
934 4027 993 4106 χάρ
1018 4026 1139 4095 πάντως
1166 4022 1302 4098 εἶδεν,δ

91 4143 141 4210 οόιι
162 4145 198 4210 ἀν
218 4151 338 4218 πάντως
352 4119 535 4230 Υἀνθρωπίνη
558 4147 646 4230 φόσις
672 4143 747 4227 όράν
773 4145 934 4228 δονηδείη,
957 4143 984 4206 εἰ
1007 4144 1048 4227 μή
1070 4147 1146 4226 πρός
1174 4145 1227 4228 τήν
1251 4151 1303 4206 τοιῖ

93 4261 174 4342 ἀτίοο
193 4268 363 4350 πνεύματος
385 4267 475 4347 χάριν
498 4262 707 4352 ἀνααραόείη,
730 4265 875 4326 τοσοότοο
898 4265 957 4344 γὰρ
980 4263 1092 4324 ἀπεῖναι
1119 4265 1187 4324 τότε
1209 4259 1301 4346 ἠξιώ-

93 4385 198 4467 δησαν,
220 4383 292 4448 όσον
315 4381 492 4467 ἀνθρωπίνη
515 4383 603 4468 φόσις
625 4385 793 4466 χωρήσειαν
816 4378 864 4454 ἀν,
891 4383 1109 4463 σοναιρομόνοο
1130 4382 1226 4463 ταότη
1249 4388 1303 4442 τοῦ
1378 4467 1380 4471 ι

94 4505 263 4586 πνεύματος,
287 4499 394 4586 μηδεὶς
416 4500 450 4563 66
465 4497 562 4584 ἡμῶν,
580 4499 700 4564 ἀαοόιεν
717 4497 819 4572 αὖθις,
843 4497 923 4562 εἶπεν
945 4497 962 4561 6
984 4502 1038 4560 ιιαί
1061 4501 1098 4560 τὰ
1121 4501 1193 4560 θεῖα
1208 4501 1303 4571 σορός

1051 4601 1079 4652 Η
1098 4597 1114 4632 *
