3314 5266
1288 343 1352 406 533

118 527 192 613 παρ’
215 525 320 614 αύεης,
342 524 544 612 εὑρίσκεσθαι
566 531 621 590 καί
644 523 735 590 αύτδν
758 525 804 600 τίς
827 524 1161 612 ιηνΟύγγροβλαχίαν,
1186 529 1351 614 έίήτησαν,

118 647 174 710 ἵνα
206 651 326 732 τοιησω
349 643 515 732 ὑπόσχεσιν
538 647 704 732 έγγραρον·
721 648 833 718 Ιτούτου
855 667 890 724 γι
912 645 1006 710 ύνετια
1027 645 1089 734 ἤδη
1112 649 1166 732 τήν
1191 657 1350 732 παροῦσαν

118 777 212 843 ποιῶ,
234 768 289 831 τιαί
310 768 391 844 λέγω
413 771 468 830 ταί
489 763 681 850 ύαύσχομαι,
716 769 792 850 μήτι
815 767 871 850 έμὲ
894 771 1026 851 φανῆναί
1047 787 1120 830 τοτι
1142 778 1200 831 τῶν
1233 777 1349 851 τιαιρῦν

119 889 207 949 ιιατὰ
220 894 274 950 τοῦ
290 886 523 972 μητροττολίτοο,
539 888 616 969 μητι
633 887 684 948 τδν
701 881 853 968 αὐθέντην
869 881 1054 967 Ούγγροβλα
1058 891 1129 970 χίας
1143 891 1350 970 ταρατινησει

118 1001 268 1089 ἡμιτίρα,
292 1004 374 1069 ἀλλὰ
396 1009 532 1088 στίργιιν
555 1001 648 1068 αύτύν
669 1008 725 1068 τιαί
746 1013 836 1088 τιμαν
869 1009 924 1068 ταί
950 1003 1083 1082 ἀγαπᾶν,
1116 1010 1171 1068 τεαί
1192 1004 1251 1069 κᾶν
1274 1005 1303 1068 τί
1322 1027 1351 1068 τι

120 1127 227 1210 συμβη
261 1125 304 1198 εὶς
337 1123 443 1201 αύτδν,
476 1124 570 1210 ἤγουν
593 1123 614 1210 ἤ
637 1123 701 1188 έιιεί
734 1121 936 1208 εὖρίστιτσδαι
968 1123 989 1210 ἢ
1024 1123 1182 1210 ἀλλαχοῦ,
1217 1129 1354 1209 στέργειν

120 1253 213 1308 τούτο
245 1249 301 1308 τιαί
334 1246 375 1330 μη
400 1242 549 1308 ἁνττιτιῐν
567 1241 652 1316 ύλως
672 1248 757 1319 τοτί,
781 1241 848 1308 ἁλλ’
873 1243 957 1327 έχιιν
980 1239 1081 1320 αδτόν,
1111 1247 1222 1315 τιαδύς
1245 1245 1354 1327 μέλλοι

121 1363 210 1447 έχιιν
231 1366 287 1426 τιαί
307 1359 325 1426 δ
346 1365 581 1440 σαναγειέτατύς
608 1383 666 1446 μου
692 1364 852 1448 διστύτης,
875 1359 894 1426 δ
916 1363 1129 1447 οὶιιουμινιιεδς
1150 1367 1353 1448 πατριάρχης,

120 1487 178 1547 ιιαί
209 1481 230 1568 ἡ
263 1487 338 1548 διέα
359 1482 415 1547 καί
437 1483 506 1568 ίερὰ
529 1483 666 1558 σύνοδος,
700 1482 796 1568 ἤγουν
829 1481 857 1547 ιλ
878 1485 934 1568 μίν
958 1483 1068 1568 ύχοοσι
1088 1487 1143 1547 τιαί
1177 1487 1355 1566 στέργουσιν

121 1599 216 1666 αὐτὸν
240 1604 467 1688 μητροπολίτην
487 1600 755 1688 Ούγγρυβλαχίας,
786 1601 838 1665 ἵνα
861 1602 926 1687 έχω
948 1607 1003 1665 καί
1026 1602 1088 1680 έγιδ
1121 1600 1214 1666 αὐτὸν
1247 1598 1353 1674 οὕτως·

120 1723 151 1788 ελ
172 1723 207 1785 δί
232 1724 284 1807 μὴ,
307 1723 449 1808 ρυλὰττω
469 1724 571 1800 τείλιν,
595 1719 670 1806 ύττρ
693 1718 772 1806 ἁνὴ
799 1725 874 1786 δτία
897 1723 1025 1793 σύνοδος
1045 1727 1113 1805 τερί
1136 1719 1231 1786 αύτου
1254 1727 1352 1806 ψηφί-

121 1863 228 1926 σηται.
251 1843 359 1905 τούτου
382 1846 441 1925 γὰρ
463 1845 553 1927 χάριν
576 1845 630 1905 καί
652 1838 672 1926 ἡ
694 1844 837 1926 ταρούσύ
860 1863 919 1925 μου
941 1837 1107 1926 ύπύσχισις
1129 1839 1275 1919 έγτγύνει,
1298 1844 1354 1902 τιαί

121 1973 162 2048 τη
183 1958 320 2047 ἡμιτέρα
342 1961 535 2048 ολιιιιοχείριρ
569 1961 750 2047 ίσημιωέδη
782 1959 946 2047 ύτογραρη
979 1959 1018 2024 δι’
1042 1959 1213 2048 ἁσρέλειαν
1248 1964 1352 2044 μηνί

120 2079 359 2164 αύγούατιρ
391 2081 471 2146 ὶνδ.
504 2081 533 2168 η’
563 2085 594 2161 †.

209 2205 231 2280 †
273 2199 437 2284 Ἱεριύς
481 2200 650 2286 Δανιὴλ
693 2197 1008 2284 Κριτύτουλος
1052 2196 1070 2262 δ
1112 2199 1352 2283 διιταιορύ·

120 2323 202 2396 kae
234 2327 266 2401 †··
1112 2323 1114 2330 '
1217 2351 1219 2354 ·

536 2509 743 2574 chxxlx.
761 2509 837 2573 Sino
851 2529 941 2572 αιιιιο.

120 2652 310 2724 Ημασίιιίλιω,
327 2655 502 2723 metropolita
520 2652 747 2719 Παρνασίασλίαα.
765 2661 846 2720 royac
857 2651 1066 2720 ραινίανσύαοι,
1084 2660 1115 2703 ιιτ
1124 2651 1247 2720 fratrom
1263 2652 1351 2719 ι’ρσίαι

454 2773 562 2826 ordinet
575 2771 776 2841 τιεττορυίίταοι
795 2769 1020 2840 Παρνουέασλίαα.

209 2923 229 2998 †
271 2917 522 2985 Πιττὰτιιον
562 2925 642 2980 τού
681 2917 1023 3000 μητροπολίτου
1062 2913 1352 3000 Ούγγροβλα-

121 3040 230 3122 χίας
261 3037 353 3121 πύρ’
376 3035 616 3101 Ὑακίνθου
649 3039 679 3112 †.

208 3161 228 3238 †
262 3157 481 3234 Παναγιώτατε
515 3157 649 3219 δέσποτα
683 3178 742 3239 μου
774 3161 829 3219 καί
862 3155 1065 3240 οὶιιουμενιτιί.
1103 3155 1146 3241 τῷ
1176 3161 1352 3244 ταναγὰδιρ

120 3279 189 3361 θεῷ
214 3278 464 3360 σαραιιαλυῗιιιαί
485 3285 523 3360 τῇ
544 3275 875 3359 τανυτερτυλογημίνη
909 3279 1068 3360 δεοτύκιρ,
1102 3285 1156 3341 τού
1190 3277 1276 3362 ἔχειν
1298 3283 1353 3342 καί

119 3403 265 3481 ιιατέχειν
287 3399 341 3460 ιιαί
362 3397 397 3459 τύ
418 3391 604 3481 ἡγιασμένον
628 3403 743 3479 στῆνος
765 3405 818 3480 τῆς
841 3398 981 3481 μεγάλης
1008 3393 1180 3480 ἁγιωσύνης
1212 3421 1268 3462 σου
1292 3397 1352 3462 ἁτό

119 3525 175 3599 της
199 3517 350 3599 βοηδιίας
372 3511 465 3578 αὐτού
488 3509 639 3577 δλύκαλα.
663 3508 840 3598 ὑγιαίνομεν
862 3520 917 3578 τεαὶ
938 3511 1026 3598 ἡμεῖς
1050 3513 1110 3578 ἁτό
1130 3525 1184 3602 της
1201 3518 1353 3602 βοηθείας

119 3645 176 3699 τοῦ
209 3639 287 3698 θεοῦ
320 3637 375 3698 τιαί
406 3635 459 3698 διὰ
480 3637 649 3718 πρεσβειῶν
671 3627 726 3721 τῆς
747 3633 903 3712 τανὰγνου
926 3638 1082 3699 δεοτύιιου
1104 3643 1158 3701 καί
1181 3636 1221 3702 δι’
1253 3634 1353 3722 εύχῶν

119 3761 176 3818 καὶ
199 3753 358 3828 έντεύξτων
380 3763 434 3838 τῆς
457 3756 596 3840 μιγὰλης
619 3753 791 3840 ἁγιωσύνης
812 3775 867 3818 σου
883 3755 925 3839 τῷ
946 3759 1073 3839 σώματι,
1098 3757 1166 3821 ἀλλ’
1183 3759 1218 3824 ού
1238 3763 1353 3836 καλῶς,

122 3875 275 3937 ἀσθένεια
291 3877 350 3956 γὰρ
371 3877 532 3956 τερίέτεσέ
557 3895 609 3955 μοι
631 3875 727 3958 δεινὴ,
751 3879 805 3937 καί
827 3871 939 3958 ττὰσχω
963 3877 1127 3954 τὰπολλὰ,
1148 3881 1260 3951 καθὼς
1275 3883 1354 3964 μέλ·

120 3994 189 4064 λεις
209 3993 356 4074 γνωρίσαι
378 3998 433 4056 καί
454 3996 614 4076 ταρὰῖτυύ
637 3993 773 4078 ἀδελφοῦ
796 4010 864 4076 μου,
891 4001 944 4055 τού
967 3993 1107 4079 Βυδίνης,
1132 3996 1214 4060 ἀλλὰ
1236 3999 1275 4082 δη
1299 4003 1356 4064 καί

119 4115 205 4194 παρὰ
227 4119 280 4174 τοῦ
305 4111 442 4198 ἁδελρού
466 4134 535 4195 μου,
547 4121 600 4175 τού
623 4111 689 4176 υἱού
712 4121 766 4197 της
789 4107 929 4196 μτγὰλης
952 4111 1124 4200 ἁγιωσύνης
1148 4139 1214 4194 σου,
1228 4126 1281 4181 τοῦ
1304 4119 1354 4183 δι·

121 4233 346 4316 τεαιορύλατεος.
370 4229 455 4314 ιὶχον
478 4229 531 4294 οὖν
554 4233 653 4316 ταύτη
672 4236 727 4295 τιαί
750 4235 828 4315 μύνη
851 4244 889 4317 τη
909 4230 1070 4316 ἆσδινείη,
1093 4241 1149 4299 καί
1170 4235 1207 4322 ἠν
1230 4237 1261 4302 έν
1285 4238 1356 4324 έμοί

123 4355 180 4432 μία
202 4351 325 4434 μελετη,
349 4353 383 4414 τύ
405 4362 469 4422 τως
491 4352 538 4412 δεῖ
560 4356 670 4436 συνζῆν
695 4355 772 4436 μετὰ
794 4353 917 4436 ταύτης.
952 4350 1072 4438 ἐπηλδύ
1107 4377 1159 4439 μοι
1192 4357 1227 4420 δὲ
1261 4357 1355 4432 αὖθις

122 4474 176 4532 καί
200 4469 291 4553 ἑτέρα
314 4468 474 4546 ἁσδίνεια,
497 4473 552 4532 τιοτί
576 4475 681 4554 μεῖζον
701 4467 794 4556 αὐτῆς
817 4475 851 4534 τὸ
881 4476 989 4557 μικρὸν
1012 4475 1108 4559 βὰρος
1136 4487 1191 4560 της
1214 4481 1354 4564 μιγὰλης

121 4586 295 4674 ἁγιωσύνης
319 4611 385 4667 σου,
408 4593 463 4654 τιαί
485 4589 550 4673 ἔχω
573 4599 662 4653 τοῦτο
686 4591 775 4671 βίλος
803 4592 988 4674 καρδιατιὰν,
1023 4601 1077 4665 ναί
1100 4598 1187 4678 τηιει
1210 4607 1247 4682 τη
1269 4602 1355 4684 ψυχῇ
