3258 5282
293 285 356 348 366

296 471 453 556 ἁγιωτάτῃ
476 473 597 556 μιγάλη
620 479 673 535 τοό
695 474 774 535 θεοῦ
797 469 959 555 όκκλησία,
982 474 1035 534 καί
1058 469 1275 554 άτυβόλλομαι
1295 479 1399 534 πάσαν
1414 467 1518 550 (σόρι-

294 595 356 668 σιν)
378 601 437 655 τόν
458 589 595 670 λατίνυιν,
618 591 672 674 την
693 594 760 674 περί
782 599 836 674 της
859 590 1068 674 όκπυρεόσειις
1089 597 1143 652 τοῦ
1164 585 1252 666 άγίυυ
1267 591 1439 674 πνιόματυς
1463 593 1519 652 καί

293 711 458 788 λίγυυσαν·
481 712 536 772 καί
558 705 594 772 ίκ
616 716 670 770 τοῦ
692 707 757 771 υίυῦ
774 755 881 772 .....
903 710 1033 772 πιστιόιι
1055 711 1114 790 γάρ
1136 713 1190 770 καί
1207 705 1349 792 όμολογῦ
1364 710 1447 770 κατὰ
1462 707 1517 788 τήν

294 825 447 912 ἀπόφασιν
474 833 527 888 τοῦ
554 831 660 910 κυρίου
681 821 767 911 ἡμῶν
794 823 894 910 Ἰησοῦ
921 823 1053 908 Χριστοῦ
1078 829 1133 888 καί
1162 832 1215 887 τοῦ
1243 826 1332 887 θιίου
1359 823 1518 907 συμβόλου

294 943 332 1008 ίκ
360 953 413 1007 τοῦ
442 945 556 1026 πατρός
586 943 811 1028 όκποριόισθαι
837 945 931 1025 μόνου
962 944 996 1004 τό
1027 950 1146 1025 πνεῦμα
1176 944 1211 1004 τό
1239 939 1340 1019 ἅγιον·
1372 939 1516 1022 ἀποβάλ-

293 1063 389 1146 λυμαι
409 1062 445 1124 όό
465 1064 520 1124 καί
542 1058 691 1144 ἀρνοῦμαι
711 1064 766 1124 καί
786 1027 886 1124 πάντα
907 1063 946 1123 τὰ
966 1060 1059 1124 λοιπά
1085 1059 1183 1144 ῐθιμα
1206 1056 1314 1134 αὐτῶν,
1340 1063 1379 1122 τά
1401 1081 1435 1122 τε
1458 1059 1516 1122 ότι·

293 1181 502 1266 κλησιαστικό
526 1183 581 1242 καί
611 1181 650 1243 τόι
678 1183 747 1262 περί
778 1189 832 1264 της
857 1179 964 1263 λυιπης
991 1175 1090 1242 αότιῦν
1117 1179 1287 1254 πολιτείας,
1314 1183 1368 1240 καί
1398 1182 1516 1261 στίργιε

293 1304 403 1374 πάντα,
426 1294 486 1362 ὅσα
507 1302 561 1360 καί
582 1307 684 1383 ρρυνεί
705 1303 759 1360 καί
781 1299 865 1376 λίγει
886 1293 907 1382 ἡ
930 1293 1005 1374 άγία
1027 1303 1080 1358 τοῦ
1102 1295 1235 1379 Χριστοῦ
1258 1297 1379 1380 μεγάλη
1395 1294 1517 1380 όκιιλη-

294 1421 348 1480 σία
372 1419 440 1500 περί
466 1411 564 1479 αότιῦν
591 1425 644 1500 της
669 1413 1027 1490 Κυνσταντινυυπόλειις,
1053 1419 1108 1476 καί
1130 1412 1192 1497 εἰμί
1217 1418 1272 1476 καί
1294 1413 1355 1492 όγείι
1382 1413 1426 1486 είς
1457 1425 1516 1478 τοῖιν

294 1532 469 1617 όρθοόόξιιν
491 1543 671 1618 χριστιανόν
694 1536 748 1596 καί
771 1533 915 1618 μαθητὴς
937 1540 991 1616 της
1013 1529 1192 1615 ἰκκλησίας.
1221 1536 1275 1594 καί
1302 1531 1345 1603 τίς
1371 1533 1426 1614 την
1446 1536 1517 1616 περί

293 1654 401 1716 τυότυυ
423 1650 594 1738 ἀσφάλειαν
616 1631 808 1736 ἐποιησάμην
831 1656 886 1714 καί
907 1651 961 1734 τὴν
982 1653 1139 1734 παροῦσάν
1162 1670 1220 1732 μου
1236 1647 1414 1733 ὁμολογίαν,
1437 1645 1516 1712 ότα-

295 1773 415 1853 γράψας
437 1764 531 1853 πότην
553 1769 764 1854 οὶκειυχιίροις
797 1771 901 1853 μηνί
932 1767 1087 1850 ίουνίιρ
1118 1766 1196 1830 ὶνό.
1224 1767 1435 1850 ότκάτης.

689 1885 840 1972 όάρχαιν.
884 1887 981 1950 Μειιυ
996 1886 1122 1972 propria

1045 2011 1175 2080 (ἕτοτρίυε
1191 2053 1197 2066 .
1216 2053 1222 2066 .
1245 2011 1339 2064 ίάτλσ
1353 2011 1447 2066 ατοίιο.

584 2223 706 2288 chv.
730 2223 970 2302 (6865-1357)
989 2223 1074 2287 iunio
1092 2223 1155 2287 ind.
1174 2224 1217 2288 X

291 2383 464 2436 Ρσντίακσόα
493 2399 588 2436 emm
613 2381 816 2450 patriarchalis
845 2384 1004 2436 κιοιισείετίε·
1029 2382 1058 2438 8.
1085 2381 1175 2452 θμτίαό
1199 2384 1340 2435 mittit
1364 2380 1509 2450 Dionysio,

649 2500 840 2568 τοιόεριιικειιιγ
852 2501 970 2553 ιιίιιόετιι
983 2502 1151 2558 mamurii.

290 2675 648 2762 γἘνταλτηριυν
680 2682 873 2762 γράμμα,
903 2681 1094 2756 γεγονός
1126 2677 1178 2762 τῷ
1210 2677 1390 2763 μοναχῷ
1414 2681 1511 2743 Διο-

290 2803 424 2881 νυσίῳ
465 2795 534 2860 ίπί
573 2807 621 2880 τῇ
664 2797 707 2859 όν
748 2808 795 2882 τῇ
837 2797 1092 2868 Συζοπόλει
1133 2799 1360 2878 σεβασμίη
1397 2803 1511 2880 μονη

629 2923 703 2977 τοῦ
737 2913 868 2992 ἁγίου
901 2913 1099 2997 Κυρίνου
1131 2919 1161 2991 †.

372 3063 451 3145 †‘H
473 3062 739 3152 μετριότηςὴμιῦν
761 3066 813 3128 όιό
835 3075 888 3128 τοῦ
910 3069 1057 3148 παρόντος
1085 3062 1179 3150 αῦτης
1205 3069 1385 3148 γράμματος
1407 3069 1508 3128 καθί-

290 3204 380 3267 στησι
401 3187 456 3246 καί
477 3193 643 3266 χειροτονεῖ
664 3186 718 3244 καί
739 3187 966 3267 τροχιιρίίιται
987 3186 1037 3246 τόν
1061 3181 1281 3264 εόσεβόστατον
1305 3184 1336 3246 όν
1359 3195 1510 3267 μοναχοῐς

290 3301 459 3376 Διυνόσιον,
486 3301 723 3383 καθηγούμενον
750 3309 804 3382 τῆς
829 3305 912 3364 κατὰ
937 3303 990 3384 την
1017 3303 1193 3365 θεόσσυτον
1218 3303 1305 3366 πόλιν
1334 3302 1509 3375 Σιτίόπυλιν

289 3421 460 3502 σεβασμίας
484 3417 646 3500 βασιλικῆς
668 3421 721 3480 καί
742 3428 965 3502 πατριαρχικῆς
989 3429 1082 3504 μονῆς
1105 3431 1162 3482 τόν
1183 3418 1276 3497 ἁγίων
1297 3426 1351 3483 καί
1379 3420 1509 3494 όνόόξιιν

289 3537 430 3618 μεγάλαν
457 3543 511 3599 τοῦ
538 3535 670 3617 Χριστοῦ
698 3537 853 3619 μαρτόρυν
875 3535 1011 3618 Κυρίκυυ
1037 3542 1091 3600 καί
1116 3537 1293 3621 Ἰουλίττης,
1326 3537 1360 3609 ός
1387 3539 1426 3621 όή
1455 3545 1508 3600 καί

288 3650 405 3736 όρείλει
426 3651 632 3734 ότιλαβίσθαι
654 3649 747 3736 αὐτῆς
769 3657 824 3714 καί
845 3651 993 3736 όπιτηρείν
1014 3659 1069 3717 καί
1090 3653 1260 3737 ὲπιβλίπειν
1281 3657 1351 3726 τοῦς
1373 3653 1405 3716 όν
1429 3654 1507 3740 αιἰτη

289 3765 523 3852 εῦρισκομόνυυς
546 3771 710 3853 μυναχοός,
733 3774 900 3856 φροντίζειν
924 3777 956 3834 τό
978 3777 1032 3834 καί
1055 3771 1268 3856 ἐπιμελεῖσθαι
1290 3778 1344 3836 καί
1367 3777 1507 3839 σπουδά-

290 3891 352 3958 ζειν
374 3883 446 3970 όπόρ
469 3897 522 3969 της
544 3892 720 3959 συστάσεως
745 3893 798 3949 καί
824 3897 877 3971 της
904 3887 953 3952 ἐπί
978 3895 1012 3953 τό
1040 3902 1173 3973 κρεῖττον
1201 3889 1365 3964 ἐπιόόσεῦς
1392 3917 1425 3957 τε
1452 3903 1508 3959 καί

289 4001 445 4088 αὐξήσεως
470 4015 524 4088 της
555 4009 698 4089 τοιαύτης
731 4016 825 4090 μονῆς
852 4011 906 4068 καί
932 4011 1030 4070 πάντα
1055 4019 1151 4070 ποιιίν
1178 4007 1341 4082 οἰκολῦτυις
1367 4011 1399 4074 όν
1428 4012 1506 4099 αὕτη

288 4120 330 4192 ὡς
351 4129 405 4203 τῆς
427 4129 522 4203 μόνης
543 4124 654 4206 ταότης
675 4125 912 4206 καθηγούμενος
928 4171 934 4185 .
953 4173 982 4186 ..
1007 4124 1043 4187 ἂν
1059 4126 1198 4205 βυῦλοιτο
1214 4125 1375 4210 ἀφορῶντα
1391 4131 1436 4200 τίς
1452 4134 1505 4215 την

289 4235 387 4302 αὐτῶν
408 4239 605 4314 λυσιτόλειαν,
628 4238 809 4324 όφειλόντοιν
832 4251 890 4303 τῦν
909 4240 943 4304 όν
966 4231 1043 4326 αῦτη
1066 4239 1287 4326 εὑρισκομένων
1308 4249 1428 4309 πάντεεν
1444 4271 1503 4331 μο-

288 4365 391 4440 ναχῦν
414 4359 547 4437 στόργειν
568 4360 623 4418 καί
649 4351 880 4420 ὑποτάσσεσθαι
905 4357 960 4420 καὶ
988 4357 1108 4435 ἀγαπᾶν
1137 4357 1228 4425 αὐτόν
1255 4367 1308 4425 καί
1334 4375 1424 4446 τιμάν
1451 4365 1504 4429 καὶ

288 4476 342 4558 την
362 4453 579 4557 πρυσηκυυᾶαν
601 4477 656 4536 καί
678 4473 877 4558 όρειλυμίνην
901 4473 1062 4560 άπυνόμιιν
1082 4474 1162 4560 αότιρ
1187 4483 1275 4564 τιμὴν
1290 4485 1343 4544 καί
1358 4482 1435 4545 alas,
1451 4489 1503 4546 καί
