3258 5282
1227 327 1288 390 435

76 507 209 582 πρᾶγμα
232 502 363 584 ποιήσας
384 499 587 578 ύτοπύτατον,
611 502 692 585 εἴπερ
707 507 829 581 γέγονεν
844 500 948 579 ούτως,
972 503 1013 576 ύς
1036 505 1205 592 ἀνηνέχθη.
1227 506 1289 592 ἤδη

75 612 280 702 ἡμετριύεης
301 615 387 702 ἡμῶν
408 623 461 682 καί
481 615 501 702 ἡ
520 623 587 703 περὶ
609 617 701 705 αύτην
722 613 795 685 θεία
815 621 870 685 καί
891 619 956 705 ἱερά
978 625 1112 700 σύνοδος,
1135 622 1212 708 όμοῦ
1234 630 1289 709 μίν

76 739 286 817 φροντίζουσα
307 745 360 820 τῆς
381 738 521 821 φυλακῆς
541 742 596 802 καί
618 742 826 823 σοντηρησεως
852 749 910 802 τῶν
930 742 1024 810 θείων
1044 746 1098 804 καί
1120 741 1206 825 ἱερῶν
1227 764 1289 808 κα,-

76 857 174 915 νύνων
198 857 255 917 καί
276 855 448 918 σπεύδουσα
468 866 544 918 πᾶσι
566 859 685 938 τρόποις
704 859 826 928 τούτους
840 858 1011 934 διεκδικεῖν,
1034 859 1110 942 ύμοῦ
1124 863 1159 923 δέ
1181 863 1288 924 καθα·

75 974 217 1054 ρύτερον
235 976 274 1036 τά
294 983 347 1034 τοῦ
368 977 547 1056 πράγματος
569 979 712 1055 γνωρίσαι
734 975 902 1058 βουλομένη
917 980 970 1038 καί
986 975 1106 1061 εἰρήνην
1122 977 1287 1062 οἰκονομῆ-

77 1109 132 1150 σαι
164 1093 224 1151 καί
245 1090 474 1172 διαπράξασθαι
507 1101 676 1162 κανονικῦς
701 1095 793 1172 μέσον
821 1088 902 1175 ύμιῦν
927 1097 980 1156 καί
1005 1105 1058 1158 τοῦ
1084 1103 1138 1178 τῆς
1162 1093 1290 1166 Ῥωσίας

75 1208 185 1288 πάσης
220 1216 428 1288 χριατιανικοῦ
454 1211 573 1284 γένους,
601 1206 860 1292 ἰπευδοκησαντος
886 1211 930 1281 είς
955 1218 1041 1272 τοῦτο
1067 1219 1119 1273 τοῦ
1146 1209 1182 1273 ἐκ
1210 1213 1288 1274 θεοῦ

75 1329 249 1405 κρατίστου
270 1330 324 1388 καί
346 1325 435 1404 ἁγίου
457 1349 516 1410 μου
538 1323 760 1410 αὐτοκράτορος
782 1327 824 1411 τῷ
841 1332 982 1411 προσύντι
996 1325 1076 1411 αύτῲ
1089 1328 1185 1412 λνθέιρ
1208 1330 1290 1412 ίήλιρ

78 1435 155 1522 ύπέρ
179 1451 241 1504 τῶν
263 1440 525 1525 ίκκλησιαστιτιῦν
546 1446 728 1526 πραγμάτων
743 1448 797 1507 καί
810 1446 1000 1529 διοικήσεων,
1015 1445 1177 1529 ἐξέπεμψεν
1200 1443 1290 1508 έκλε·

76 1557 201 1641 Εαμένη
236 1557 485 1642 ἀποκρισιαρίους
518 1564 568 1623 τόν
601 1583 632 1621 τε
666 1559 826 1642 ἱερώτατον
859 1565 1080 1646 μητροπολίτην
1108 1562 1291 1645 Κελτίηνῆς,

78 1669 259 1758 ύπίρτιμον,
282 1675 438 1762 ἀγαπητόν
460 1682 541 1741 κατὰ
564 1681 665 1760 κύριον
689 1677 820 1764 ἀδελφόν
842 1689 896 1764 τῆς
916 1679 1001 1764 ἡμῶν
1024 1683 1217 1764 μετριότητος
1238 1685 1292 1743 καί

79 1793 330 1876 συλλειτουργόν,
352 1801 406 1857 καί
428 1800 478 1858 τόν
501 1801 678 1879 τιμιώτατον
701 1798 866 1860 σακελλίου
887 1807 941 1882 τῆς
963 1797 1040 1862 καθ’
1052 1795 1134 1883 ἡμᾶς
1157 1796 1290 1875 ἁγιωτά-

79 1931 135 1994 της
159 1920 215 1974 τοῦ
236 1915 315 1976 θεοῦ
338 1915 474 1996 μεγάλης
497 1912 664 1996 ἐκκλησίας
684 1917 738 1975 καί
752 1915 987 2000 δικαιοφύλακα,
1009 1914 1040 1977 ἓν
1057 1913 1132 1996 άγίιρ
1147 1916 1292 1997 πνεύματι

82 2026 245 2113 ἀγαπητόν
277 2029 340 2093 υἱόν
372 2037 426 2112 τῆς
457 2027 542 2115 ἡμῶν
574 2033 777 2114 μετριότητος,
799 2039 856 2113 κῦρ
884 2030 1032 2114 Γειύργιον
1065 2032 1207 2094 διάκονον
1240 2033 1291 2092 τύν

81 2143 248 2228 Περδίκην,
271 2143 347 2208 ὥστε
368 2149 561 2230 ποιήσασθαι
581 2147 635 2229 τὴν
657 2144 790 2218 ἐξέτασιν
811 2150 929 2210 πάντων
949 2158 1006 2210 τῦν
1021 2149 1216 2232 λαληθέντων
1238 2151 1292 2210 καί

81 2258 362 2344 προσείαλέσασθαι
383 2265 454 2335 τούς
475 2285 508 2326 τε
529 2258 785 2348 θεοφιλεστάτους
808 2263 991 2337 ἐπισκόπους
1012 2271 1065 2328 καί
1084 2266 1154 2336 τούς
1170 2261 1290 2342 εύγενε-

83 2382 216 2451 σκάτους
237 2375 342 2464 ῥῆγας,
369 2379 417 2466 ἐφ’
439 2379 464 2465 ᾧ
483 2383 713 2464 παραγενέσθαι
739 2379 786 2444 ἐστί
812 2394 861 2466 τη.
876 2385 1000 2466 τοιαύτη
1028 2381 1161 2455 ἐξετάσει
1189 2382 1290 2468 ἀσφα-

82 2497 169 2570 λείας
193 2497 306 2562 ένεκεν.
329 2497 444 2584 όφείλει
470 2496 521 2562 οὖν
548 2501 776 2580 παραγενέσθαι
802 2503 855 2561 καί
877 2502 930 2584 την
953 2502 1008 2584 σην
1031 2500 1170 2584 ἱερύτητα
1193 2497 1291 2582 ἀπαρ-

85 2619 227 2700 αιτήτως,
249 2615 354 2700 ίπειδη
377 2612 471 2688 ούτως
487 2616 676 2700 ἀνετέθησαν
699 2616 727 2679 οἱ
742 2625 873 2680 τοιοῦτοι
892 2615 1132 2701 ἀποαρισιάριοι,
1156 2616 1206 2678 ἵνα
1221 2619 1291 2679 δια-

86 2735 279 2816 μηνύσωνιαι
299 2735 373 2815 πρός
394 2737 430 2794 σί
450 2734 556 2795 τούτου
577 2737 676 2816 χάριν·
698 2735 750 2796 διὰ
771 2743 859 2797 τοῦτο
881 2734 936 2797 καί
956 2737 1129 2818 παραδηλοῖ
1150 2747 1187 2820 τῇ
1209 2733 1289 2817 ἱερό-

86 2856 153 2932 τητί
176 2872 233 2914 σου
254 2847 274 2934 ἡ
298 2855 455 2934 μετριότης
475 2847 571 2934 ἡμων,
593 2848 635 2922 ὣς
657 2849 703 2926 ἂν,
724 2861 824 2915 πᾶσαν
845 2857 898 2914 καί
918 2855 1063 2914 παντοίαν
1085 2852 1293 2936 ἀποσεισάμε-

86 2987 137 3038 νος
168 2941 329 3052 πρύφασιν,
361 2973 517 3052 παραγέιη
543 2969 595 3031 διὰ
621 2977 733 3031 σαυτοῦ
749 2973 832 3050 ,πρός
858 2971 910 3053 την
937 2974 1141 3053 γενησομένην
1174 2971 1293 3042 σύναξιν

88 3090 170 3166 παρὰ
194 3087 413 3146 τῶντοιούτων
435 3083 677 3167 ἀποκρισιαρίων,
699 3091 752 3148 καί
773 3091 896 3170 γίνηται
912 3085 1052 3149 ἐντεῦθεν
1075 3087 1292 3168 ἀπροσπαθῶς,

89 3199 129 3274 ύς
151 3201 322 3288 ἐφορῶντος
349 3201 468 3264 ἄνωθεν
493 3210 545 3264 τοῦ
571 3188 662 3276 θεοῦ,
688 3200 707 3286 ἡ
735 3214 792 3266 τῦν
818 3204 1014 3288 λαληθέντων
1041 3205 1204 3273 συνοδικιῦς
1226 3201 1291 3274 ἐξέ-

87 3341 184 3395 τασις,
217 3317 289 3402 ύπερ
317 3317 379 3380 ἐστί
404 3323 458 3380 καί
485 3313 650 3394 ίγκάνονον
670 3323 796 3404 ποιῆσαί
822 3342 865 3383 σε.
893 3320 981 3402 είαερ.
996 3323 1030 3381 θλ
1059 3318 1209 3402 έπιυυμβη
1240 3321 1292 3382 διά

91 3457 154 3501 τινα
190 3435 373 3520 ύμποδισμόν
402 3446 575 3520 σωματικῆς
602 3433 774 3512 ἀσθενείας,
801 3440 854 3498 καί
886 3433 942 3499 ούκ
974 3436 1059 3518 έχεις
1092 3435 1217 3498 εύκολυν
1239 3439 1290 3499 διὰ

93 3563 204 3617 σαυτοῦ
225 3555 463 3635 παραγενέσθαι,
484 3553 770 3634 παρακελευόμεθα,
791 3551 842 3615 ἵνα
863 3557 954 3636 χωρίς
975 3561 1029 3637 της
1044 3555 1194 3636 τυχούσης
1214 3573 1290 3636 τρο-

93 3677 215 3756 φάσεως
238 3672 394 3754 έκπέμψης
420 3667 485 3732 ἀντί
511 3678 622 3732 σαυτοῦ
647 3669 779 3741 οἰκείους
805 3689 859 3732 σου
887 3667 1076 3752 ἀνθρώπους,
1103 3665 1180 3732 ὥστε
1203 3674 1291 3746 γενέ·
1408 3677 1410 3682 ’

95 3794 170 3854 σθαι
192 3789 316 3852 ένύαιον
338 3787 433 3852 αύτῦν
454 3783 578 3870 πᾶσαὴ
601 3796 658 3848 τῶν
680 3787 874 3870 λαληθέντων
895 3785 1038 3864 ἐξέτασις,
1060 3783 1160 3870 ὥσπερ
1182 3787 1292 3872 ἔμελλε

95 3910 282 3992 γενησεσθαι
303 3911 356 3970 καί
378 3905 500 3968 ένύπιον
522 3913 574 3988 τῆς
596 3913 652 3987 σης
673 3903 835 3986 ίερύτητος.
862 3907 1032 3979 γινωσκέτω
1054 3907 1112 3987 γάρ
1133 3900 1292 3992 ἡίερύτης

97 4047 157 4101 σου,
181 4023 223 4096 ὡς
246 4022 339 4094 ούτως
361 4023 481 4107 έτάχθη
503 4021 557 4086 καὶ
574 4023 716 4104 διεκρίθη
732 4020 904 4094 συνοδικῦς,
927 4023 980 4082 καί
1001 4016 1078 4082 ούτω
1101 4019 1291 4104 ἀνετέθησαν

98 4142 123 4206 οἱ
136 4150 268 4206 τοιοῦτοι
283 4141 512 4222 ἀποκρισιάριυι,
534 4137 585 4215 ύις,
608 4138 689 4221 εἴπερ
705 4133 739 4200 ού
760 4139 891 4220 αοιησης
906 4137 937 4198 δν
953 4134 988 4198 ἐκ
1003 4147 1060 4199 τῶν
1074 4138 1141 4222 δύο,Ι
1163 4135 1205 4208 ὡς
1223 4136 1291 4200 ούτε

98 4260 146 4324 διὰ
161 4266 274 4325 σαυτοῦ
288 4258 475 4340 καταλάβης,
495 4255 563 4319 ούτε
583 4253 759 4338 ἀνθρώπους
778 4275 833 4316 σου
849 4251 1014 4336 έκπέμψης,
1028 4259 1220 4338 ποιήσασθαι
1235 4253 1291 4317 αύ-

99 4380 162 4449 τούς
177 4381 217 4460 δή
238 4377 308 4447 τούς
325 4372 568 4457 ἀποκρισιαρίους
585 4374 707 4435 ένιύπιον
722 4381 780 4434 τῶν
795 4373 962 4454 μελλόντων
977 4373 1134 4435 συνελθεῖν
1148 4373 1291 4456 θεοφιλε·

99 4499 211 4560 οτάτων
227 4493 396 4559 ἐπισκόπων
415 4496 468 4555 καί
483 4503 539 4555 τῦν
562 4487 778 4568 εὐγενεστάτων
800 4483 900 4573 ῥηγῦν
913 4489 968 4574 τήν
988 4492 1128 4574 τοιαύτην
1150 4489 1291 4565 ίξέτασιν,

1041 4595 1074 4646 ²8
1091 4591 1107 4626 ⁸
