3256 5272
1262 310 1326 376 2³9

96 484 159 563 ὃν,
179 490 333 574 πλουσίρ,
355 491 444 576 μηδί
464 493 550 574 ζήτει
570 499 629 556 τών
651 501 754 576 σοφών
775 489 853 556 εἶναι
875 495 1061 578 σοφώτερος,
1089 493 1115 558 ελ
1138 495 1172 558 δί
1194 515 1239 566 τις
1260 491 1328 574 ἁλῷ

94 609 157 668 τόν.
172 605 313 691 παρόντα
333 609 556 692 παραααλεόων
578 613 708 686 κανόνα,
732 607 782 674 ἀτί
801 607 920 695 ἡμίρας
946 609 1143 697 ἀφοριζίσθιε
1170 617 1324 697 τεσσαρά-

93 732 232 788 κοντα..“
254 729 356 804 κανών
376 727 480 812 ίτερος
500 727 545 792 .ιθ’
565 737 619 812 τῆς
635 727 667 791 όν
681 727 869 816 Χαλκεδόνι·
893 729 961 804 ,δεῖ
981 731 1051 802 τοώς
1073 741 1131 794 τών
1153 728 1326 817 όκκλησιών

95 853 303 925 προεστῶτας
314 843 345 908 ἂν
361 849 447 930 παίση
463 850 518 930 μίν
533 843 644 931 ἡμίρφ,
659 843 819 930 δεαιρίτως
838 848 876 910 δδ
892 859 957 921 ταίς
970 862 1144 930 κυριακαίς,
1158 853 1260 914 πάντα
1273 851 1326 914 τόν

94 963 219 1048 κλῆρον
230 969 285 1027 καί
299 968 350 1026 τόν
361 966 439 1027 λαόν
449 963 644 1030 όκδιδάσκειν
661 967 731 1036 τοός
746 975 800 1050 της
815 961 974 1048 εὐσεβείας
985 967 1107 1046 λόγους,
1118 965 1154 1030 όκ
1168 977 1223 1053 τῆς
1234 972 1326 1042 θείας

96 1092 223 1169 γραφῆς
246 1081 490 1168 ἀναλεγομίνους
511 1089 550 1149 τά
572 1095 626 1170 της
649 1083 802 1170 ἀληθείας
824 1088 965 1169 νοήματό
986 1107 1019 1149 τε
1040 1086 1096 1150 καί
1115 1082 1247 1172 ῥήματα,
1270 1093 1324 1154 καί

98 1204 142 1286 μὴ
165 1202 508 1285 παραβαίνοντας-πυός
528 1202 590 1288 ἤδη
613 1207 760 1276 τεθίντας
782 1200 918 1288 ὅρους-ἦ
944 1206 999 1288 τήν
1028 1204 1063 1268 ἐκ
1086 1217 1144 1268 τών
1166 1210 1325 1294 θεοφόρων

95 1324 240 1403 κατίρων
255 1321 436 1404 παράδοσιν,
449 1319 531 1385 ἀλλὰ
542 1326 606 1396 καί,
619 1320 812 1408 είγραφικός
828 1320 1032 1407 ἀνακινηθτίη
1048 1324 1150 1402 λόγος,
1167 1327 1208 1408 μη
1224 1324 1325 1396 ἄλλως

97 1447 210 1502 τοῦτον
232 1437 483 1524 ἀρμηνευίτωσαν
504 1439 524 1527 ί,
547 1439 589 1513 ὃς
612 1439 649 1504 ἂν
671 1439 701 1505 οἱ
722 1450 776 1526 τῆς
798 1439 969 1526 ἀκτιλησίας
992 1453 1150 1528 φωστῆρες
1164 1449 1219 1507 καί
1233 1445 1324 1507 διδά-

99 1560 218 1621 σκαλοι
237 1560 288 1622 διὰ
306 1569 369 1622 τών
392 1559 513 1624 οἰκείων
535 1563 721 1644 γραμμάτων
736 1563 924 1642 παρίθεντο,
947 1561 1133 1644 καὶμᾶλλον
1155 1559 1187 1626 ἀν
1209 1565 1327 1634 τούτοις

99 1674 362 1760 εόδοκιμείτωσαν
391 1676 554 1764 ῆλόγοος
585 1678 719 1750 οἰκείους
748 1681 976 1754 συντάττοντες,
1011 1677 1093 1745 ἔστιν
1125 1676 1176 1744 ὅτε
1203 1677 1326 1763 ἀπόρως

98 1794 244 1878 ίχοντες,
260 1797 335 1879 πρός
360 1803 449 1860 τοδτσ
463 1794 670 1860 ἀποπίπτοιεν
697 1806 751 1859 τοῦ
776 1800 996 1883 προσῄκοντυς.
1024 1795 1077 1860 διόι
1103 1801 1162 1882 γὰρ
1187 1807 1241 1890 της
1266 1809 1325 1862 τών

98 1919 329 1998 προειρημίνων
353 1919 490 1999 πατέρων
517 1916 722 1986 διδασκαλίας
750 1915 779 1979 οί
800 1916 872 1980 λαοί
894 1915 926 1978 όν
952 1920 1062 1994 γνώσει
1090 1921 1246 2002 γινόμενοι·
1268 1928 1331 1986 τώνΙ

101 2055 136 2096 τε
164 2035 340 2096 σπουδαίων
366 2033 422 2098 καὶ
449 2033 576 2118 αἱρετῶν
601 2033 657 2098 καὶ
678 2045 736 2097 τών
762 2032 946 2120 ἀσυμφόρων
972 2033 1028 2098 καὶ
1050 2033 1245 2121 ἀποβλητων,
1272 2039 1325 2102 τόν

101 2154 169 2234 βίον
191 2156 450 2237 με’ταριθμίζοσσι
477 2156 551 2236 πρός
573 2155 607 2216 τό
631 2154 760 2235 βέλτιον,
786 2152 842 2216 καὶ
867 2153 909 2237 τῷ
932 2163 988 2238 τῆς
1014 2152 1140 2230 ἀγνοίας
1166 2152 1226 2240 υόχ
1251 2152 1325 2219 ἀλί-

102 2275 232 2336 σκονται
246 2275 354 2348 πόθει,
379 2271 462 2336 ἀλλὰ
483 2277 689 2356 προσόχοντες
711 2285 750 2358 ιη
772 2273 964 2356 διδασκαλία
983 2271 1109 2346 ίαυτυός
1130 2277 1211 2359 πρός,
1224 2278 1261 2342 ,τό
1284 2275 1326 2360 μη

102 2401 214 2464 κακῶς
244 2393 356 2455 παθεῖν
384 2394 618 2475 παραθήγουσι,
651 2397 705 2454 καί
733 2393 818 2476 φόβῳ
844 2401 902 2454 τών
934 2389 1148 2476 όπηρτημίνσν
1176 2404 1326 2477 τιμωριῶν

101 2510 155 2593 την
172 2513 331 2592 σωτηρίαν
354 2507 456 2580 αότοίς
478 2509 721 2592 δεεργιίίονταιίί
744 2512 855 2572 τοότων
878 2507 1137 2590 ἀναγνωσθέντων
1153 2509 1326 2595 ἀπετρίψα-

103 2647 157 2710 μεν
179 2625 250 2689 κατ’
273 2623 384 2698 αότοός
405 2632 460 2690 καί
481 2624 578 2711 ἡμεῖς,
601 2632 657 2689 καί
678 2624 766 2690 υόδὲν
787 2629 1053 2711 παρεχωρήσαμεν
1076 2629 1175 2704 λίγειν
1196 2626 1326 2713 ῆκινείν

105 2741 195 2808 αότόν
210 2763 240 2808 τι
253 2748 324 2826 περί
338 2745 510 2826 δογμάτων.
522 2742 592 2828 μηδ’
604 2741 682 2807 οότω
697 2747 731 2806 δί
748 2742 842 2808 αότοό
857 2747 1044 2828 πειθομίνου
1058 2748 1134 2828 πρός
1149 2749 1183 2809 τό
1198 2751 1328 2829 προκεί-

106 2883 196 2946 μενον
220 2863 334 2941 ίλθεῖν,
349 2868 405 2926 καί
425 2867 494 2946 περί
515 2861 556 2926 ών
577 2860 597 2948 ἡ
621 2862 766 2939 ἀξότασις,
788 2869 1064 2950 προεκομίσθησαν
1081 2864 1130 2928 ἀπί
1144 2875 1198 2928 τοῦ
1220 2870 1327 2949 μόαου,
1349 2917 1352 2932 .

105 2983 140 3053 ἀς
163 2981 180 3046 ό
201 2981 358 3066 Βαρλααμ
382 2985 510 3068 φθάσας
538 2980 704 3067 όπυιὴσατυ
733 2981 890 3069 ἀναφορὰς
916 2987 999 3048 κατὰ
1024 2992 1078 3046 τοῦ
1100 2983 1250 3068 Παλαμα,
1273 2990 1329 3050 καί

106 3099 349 3184 ἀνεγνώσθησαν
372 3100 546 3164 ἀκουόντων
573 3104 707 3176 πάντων,
734 3098 848 3182 ὁμοίως
874 3104 1086 3186 παρήχθησαν
1112 3106 1167 3166 καί
1193 3101 1328 3180 ἀνεγνώ-

15 3207 16 3210 '
106 3221 230 3302 σθησαν
252 3223 307 3280 καί
329 3216 389 3281 ἀπό
412 3229 470 3282 τών
493 3221 737 3302 συγγραμμάτων
765 3215 859 3282 αότοώ
887 3219 1003 3296 ίκεῖνα,
1031 3219 1062 3284 ἐν
1089 3219 1134 3292 οίς
1162 3221 1251 3300 ἔλεγε
1273 3225 1329 3286 καί

15 3403 16 3406 ¹
104 3341 170 3418 περί
191 3343 247 3398 τοῦ
270 3333 435 3418 ἀπροσίτου
461 3339 559 3420 φωτός
581 3346 635 3416 τῆς
658 3341 921 3422 μεταμορφώσεως
943 3347 996 3402 τοῦ
1019 3341 1168 3403 δεσπότου
1191 3311 1329 3424 σωτῆρος

105 3453 189 3540 ἡμῶν
213 3453 313 3540 Ἰησοῦ
335 3457 468 3539 Χριστοῦ
490 3461 545 3520 καί
566 3467 625 3521 τών
647 3466 702 3541 της
724 3467 778 3520 τοῦ
800 3461 900 3542 φωτός
921 3459 1029 3520 τοότοο
1051 3463 1132 3530 θίας
1153 3457 1327 3544 ἠξιωμίνων

104 3579 275 3658 προκρίτων
298 3577 448 3656 μαθητῶν
470 3573 563 3638 αότοώ
586 3573 641 3637 καὶ
667 3573 858 3652 ἀποστόλων,
886 3577 1002 3648 λίεεσιν
1025 3574 1131 3646 αόταῑς
1157 3579 1247 3640 τάδε·
1272 3579 1328 3654 ,τό

106 3693 136 3755 ἀν
162 3695 318 3774 Θαβωρίιρ
346 3693 472 3776 λώμφαν
504 3703 567 3777 φώς
599 3689 656 3755 οόκ
689 3692 852 3776 ἀπρόσιτον
881 3691 931 3778 ἠν,
962 3691 1035 3758 οδδί
1064 3698 1148 3756 κατὰ
1172 3693 1329 3779 ἀλήθειαν

107 3809 223 3895 ὑπῆρχε
250 3821 313 3896 φώς
343 3814 510 3895 θεότητος,
541 3807 613 3873 σόδί
648 3809 787 3889 ἀγγίλων
819 3809 898 3882 όλως
927 3811 1085 3894 ἱερώτερον
1111 3811 1131 3897 ἢ
1158 3815 1331 3897 θειότερον,
1424 3799 1426 3804 ⁴

108 3929 188 3994 ἀλλὰ
217 3935 271 3992 καί
296 3941 398 4013 χεῖρον
428 3933 482 3993 καί
508 3935 682 4010 κατώτερον
714 3935 769 3993 καί
796 3926 891 4013 αὐτῆς
923 3939 977 4012 τῆς
1004 3927 1156 4014 ἡμετερας
1182 3937 1327 4018 νοηστως,

107 4053 205 4112 πάντα
228 4052 287 4130 γάρ
303 4051 388 4111 τότε
411 4051 552 4132 νοήματα
573 4053 629 4110 καί
650 4053 689 4111 τὰ
710 4049 862 4130 νοούμενα
885 4051 1054 4130 σεμνότερα
1076 4047 1141 4113 ἐστι
1160 4059 1214 4114 τοῦ
1229 4055 1329 4136 φωτός

109 4167 242 4242 όκείνσυ,
271 4163 312 4237 ἀς
334 4177 372 4250 τη
398 4163 467 4249 ὄψει
489 4166 541 4228 διὰ
563 4175 616 4229 τοό
640 4165 732 4248 ἀόρος
753 4171 993 4248 προσπίπτοντος
1007 4171 1062 4231 καί
1081 4167 1252 4254 αἰσθητικῇ
1272 4171 1328 4232 δυ-

108 4291 195 4370 νάμει
218 4281 447 4359 ἀποπίπτοντας,
470 4284 525 4347 καί
547 4283 686 4368 αἰσθητὰ
709 4287 788 4368 μόνα
810 4285 983 4356 δεικνύντος
999 4298 1061 4358 τοῖς
1078 4284 1198 4368 ὁρώσιν,
1222 4283 1329 4351 όλικοό

109 4425 139 4466 τε
159 4401 249 4475 ὄντος
270 4400 327 4464 καὶ
349 4400 618 4486 όσχηματισμίνου
640 4405 695 4465 καί
717 4398 749 4464 ἂν
770 4405 853 4484 τόπερ
874 4406 929 4464 καί
958 4401 990 4466 όν
1018 4407 1118 4487 χρόνῳ
1145 4409 1330 4490 φαινομόνου

110 4527 160 4586 καί
173 4525 225 4588 τόν
241 4519 319 4606 ἀόρα
333 4527 580 4606 χρωματίζοντος
594 4527 649 4586 καί
670 4530 722 4584 νῦν
744 4525 800 4603 μὲν
823 4527 1043 4605 συνισταμίνου
1059 4545 1093 4586 τε
1107 4527 1161 4585 καί
1176 4530 1329 4609 φατνομό-
