3282 5270
1288 327 1351 390 493

129 519 190 591 δος
222 519 327 602 κόριος
359 515 407 602 εἴη
440 515 649 601 διαφυλάττων
682 513 736 598 τήν
767 511 936 598 ἁγιωσύνην
972 533 1026 575 σου
1052 509 1205 594 ἀντιπέραν
1236 515 1350 582 παντὸς

132 635 260 720 ἀνιαροῦ
283 639 511 720 σοναντήματος
533 639 563 706 ό.

400 809 601 887 ccxxxv.
624 821 707 886 σοιο
724 819 836 898 (1367)
855 817 941 882 iulio.
957 817 1021 882 ind.
1036 817 1073 882 ν.

256 961 484 1032 Δταόίεμίεοοριια
497 961 637 1016 lma&
656 961 826 1031 transfertur
839 961 870 1012 ιἰι
883 961 1055 1028 πείνομοίίιιι
1065 958 1221 1030 Naupacti.

212 1113 233 1185 ’ς
281 1107 447 1190 Πρᾶξις
495 1105 717 1190 σονοδι-κή
763 1104 834 1168 έπί
880 1114 928 1187 πή
975 1106 1229 1186 μεταθέσει
1274 1112 1349 1168 τοῦ

126 1225 402 1290 Ναυπάκτου
436 1225 478 1299 ie
511 1223 881 1308 άρχιιπισκοπής
915 1232 989 1306 τής
1022 1221 1258 1297 Λιοκάδος
1290 1227 1321 1301 †.

213 1348 232 1422 τ
256 1343 383 1407 Σκοπιίν
408 1346 470 1427 χρή
492 1341 547 1405 καὶ
569 1345 603 1404 τά
626 1352 679 1426 τής
702 1345 801 1426 ψυχῆς
819 1339 909 1424 ’ὄμμα
940 1351 1099 1425 πανταχοῦ
1121 1345 1275 1424 περιάγειν
1297 1345 1348 1404 τόν

127 1483 163 1542 γε
188 1462 315 1548 άληθῶς
338 1463 484 1546 εἰληφότα
505 1466 588 1544 παρὰ
608 1461 741 1544 Χριστοῦ
763 1461 816 1544 τήν
839 1472 896 1523 τῶν
920 1457 1014 1532 αὐτοῦ
1047 1461 1179 1538 λογικῶν
1202 1463 1347 1545 θρεμμά-

127 1571 193 1647 των
218 1583 419 1666 ποιμαντικήν
451 1587 653 1664 προστασίαν,
681 1585 735 1642 καί
758 1581 815 1663 μήν
838 1581 876 1663 δή
898 1581 1050 1664 προάργοο
1072 1583 1230 1656 τίθεσθαι,
1264 1577 1347 1652 ὅπως

125 1701 221 1786 μηδέν
244 1723 271 1763 τι
293 1702 404 1763 τούτων
427 1703 518 1782 μέρος
541 1695 695 1762 ότοσυλων
719 1697 735 1763 δ
757 1697 789 1772 έξ
811 1697 910 1783 ἀρχῆς
930 1696 1000 1784 ήμίν
1025 1701 1207 1782 βασκαίνων
1231 1701 1339 1782 πόρρω

125 1820 227 1904 βάλλη
261 1829 315 1904 τής
335 1819 553 1904 προσηκούσης
573 1822 630 1882 καί
652 1823 801 1901 σωτηρίου
823 1827 919 1901 νομῆς
941 1829 978 1902 ιή
1006 1821 1202 1882 σπάνεικαί
1234 1815 1348 1902 έρημία

123 1951 182 2003 τῶν
205 1951 271 2010 ταῖς
292 1939 509 2008 διδασκαλίαις
531 1934 632 2020 ὥσπερ
658 1941 718 2001 τισί
749 1941 839 2008 πόαις
872 1935 1029 2022 ἐκτρέφειν
1062 1933 1140 1999 αιἰτόι
1161 1937 1345 2020 δυναμένων,

125 2057 162 2124 οῦ
187 2063 289 2148 ,μόνον
322 2061 381 2141 γὰρ
414 2055 571 2120 ἀπολεῖται
603 2059 638 2119 τό
671 2065 723 2120 τοῦ
745 2055 878 2140 Χριστοῦ
899 2062 1037 2138 ποίμνιον
1060 2065 1097 2140 τή
1132 2065 1186 2140 τής
1217 2056 1346 2141 λογικῆς

126 2177 231 2258 λνδεία
251 2187 381 2262 τροφῆς,
415 2173 495 2238 ἀλλὰ
518 2171 572 2237 καὶ
593 2177 687 2259 θηρσί
711 2177 790 2258 βορά
812 2177 896 2238 ταυτὶ
917 2177 1090 2260 γενήσεται,
1112 2175 1197 2250 λέγω·
1219 2175 1258 2258 δή
1280 2184 1346 2247 ταῖς

125 2293 302 2379 εῦδοκίμοις
323 2299 378 2356 καί
398 2295 559 2378 κιβδήλοις
581 2293 798 2364 διδασκαλίαις
821 2303 878 2356 τιῦν
901 2294 990 2376 ἔργον
1013 2289 1063 2356 ἀεὶ
1083 2297 1284 2377 ποιουμένων,
1307 2296 1345 2358 τά

123 2409 359 2499 τήςεῦσεβείας
377 2411 528 2495 ελλικρινή
543 2412 693 2495 ,δόγματα
714 2413 963 2496 παραχαράττειν
989 2415 1044 2473 καί
1077 2413 1119 2495 τῷ
1139 2417 1213 2496 σίτιρ
1237 2413 1272 2476 τά
1295 2415 1343 2485 (2-

124 2533 228 2604 ζάνιον
250 2528 448 2612 όποσπείρειν·
484 2525 559 2592 δθιν
582 2525 645 2592 οὐδ’
672 2527 720 2592 έπί
740 2530 818 2592 πολῦ
841 2531 900 2614 χρή
922 2531 1164 2612 παρατιίνισδαι
1184 2531 1219 2591 τό
1253 2527 1345 2592 ἀποί-

123 2669 236 2734 μαντον
259 2657 317 2711 τῶν
340 2657 537 2733 χηρευουσῶν
560 2647 744 2741 ἐκκλησιῶν,-
768 2644 838 2731 μηδ’
862 2646 933 2710 άνεο
947 2649 1095 2731 προέδρου
1111 2649 1223 2719 παότας
1237 2647 1343 2726 διατι-

122 2769 197 2843 λείν,
212 2770 267 2829 καὶ
282 2763 411 2851 μάλισθ’
428 2761 522 2837 ὅσαις
532 2767 707 2850 συμβέβηκε
723 2769 819 2848 μέσον
834 2775 927 2842 γενῦν
938 2807 951 2828 ·.
966 2813 973 2829 .
987 2814 1016 2829 ..
1039 2761 1081 2836 άις
1097 2763 1129 2827 έν
1149 2764 1268 2851 ’σποδιᾷ
1288 2775 1345 2850 πῦρ

122 2885 376 2967 σογκράπτιοδαι
397 2887 451 2947 καί
474 2887 508 2947 τό
531 2889 645 2970 φαίνειν
668 2887 755 2952 κατά
773 2887 882 2966 μικρὸν
902 2881 1104 2965 ἀποβάλλειν,
1128 2883 1169 2968 μή
1195 2887 1345 2966 παρόντος

121 3011 190 3066 τοῦΙ
209 3005 263 3087 τήν
297 3001 406 3087 άναφιν
428 3003 596 3086 δυναμένου
618 3013 724 3078 ποιεῖν,
743 3001 861 3082 Ιόιτοῖον
884 3003 981 3086 δήπου
1004 3007 1057 3065 καί
1080 3004 1114 3066 τά
1136 3011 1187 3066 νῦν
1208 2999 1279 3088 ήμίν
1313 3001 1345 3066 λν

122 3121 239 3198 λόγοις·
272 3117 292 3205 ή
326 3125 385 3204 γάρ
417 3131 483 3192 ταῖς
507 3125 665 3204 μεγίσταις
687 3117 807 3183 ἄνωθεν
833 3119 1013 3203 λγκριῦείσα
1035 3131 1093 3184 πων
1127 3123 1344 3205 μητροπόλεων

124 3237 281 3324 ἁγιωτάτη
319 3239 505 3324 μητρόπολις
542 3237 760 3312 Ναυπάκτου,
785 3235 955 3322 ἀρχιερέως
985 3241 1344 3324 1γνησίων-χηρεύουσα,

123 3361 215 3443 φήφιμ
238 3358 384 3442 αονοδική
399 3361 451 3422 τόν
466 3355 577 3440 ὅποτής
591 3361 734 3440 ποιμένα·
748 3361 801 3420 καί
823 3358 972 3440 πρόεδρον
995 3357 1128 3443 εἴληφεν,
1152 3357 1250 3442 ἄνδρα
1272 3379 1343 3423 σον-

125 3479 194 3541 ετόν
228 3479 282 3538 καί
313 3477 464 3548 πολλάκις
486 3471 560 3558 ῦπέρ
586 3463 745 3556 εὐσεβείας
762 3477 1015 3559 διηγωνισμένον
1047 3497 1079 3538 τι
1105 3478 1344 3556 καίπαδόντα,

124 3595 166 3666 ὡς
190 3595 304 3670 ἔδειξεν
325 3592 345 3679 ή
367 3592 438 3680 ήμίν
453 3591 526 3676 ῦτέμ
542 3589 635 3658 αῦτοῦ
651 3595 938 3680 πεμφθεῖσαικοινή
959 3599 1044 3676 παρὰ
1065 3605 1123 3657 των
1146 3592 1247 3674 έκιῖσε
1269 3615 1343 3657 τοπ-

124 3725 239 3798 αρχιῑιν,
263 3701 319 3776 ’ἔτι
351 3713 386 3776 δέ
409 3717 464 3775 καί
485 3722 543 3774 τῶν
566 3711 806 3776 άλλωνπάνιων
830 3711 976 3795 έκκρίτιυν
998 3735 1031 3776 τε
1052 3717 1107 3776 καί
1128 3712 1269 3790 λογάδων
1291 3717 1364 3815 καί.

123 3841 182 3894 τῦν
204 3838 258 3894 τοῦ
280 3832 398 3915 κλήρου
422 3829 576 3914 ἔγγραφος
599 3835 759 3913 μαρτυρία,
783 3827 817 3893 οῦ
842 3833 900 3914 μήν
924 3829 1006 3894 ἀλλὰ
1031 3833 1085 3892 καί
1117 3831 1170 3913 τήν
1203 3849 1345 3914 χειροτο·

124 3953 193 4012 νὶαν
224 3953 368 4034 πρότερον
402 3959 455 4033 ιής
478 3946 650 4047 ἁγιωτάτης
683 3945 925 4037 άιρχιιπισκοπής
946 3947 1110 4027 Λευκάδος
1143 3945 1343 4033 ἀνῃρημένον,

125 4069 366 4151 ἀποδιωχδέντα
397 4065 424 4130 δ’
448 4065 569 4131 ἐκεῖθεν
590 4071 673 4151 παρὰ
695 4077 752 4132 τῶν
775 4069 907 4144 Ἰταλῶν,
942 4059 992 4140 ὅς’
1009 4069 1046 4152 δή
1068 4071 1152 4152 παρά
1174 4077 1228 4153 τής
1259 4066 1344 4153 ήμῶν

126 4189 333 4274 μετριότητος,
356 4189 446 4271 ψήφῳ
469 4187 624 4270 συνοδική,
648 4184 689 4258 ιδς
712 4187 893 4270 δεδήλωται,
910 4195 963 4271 τής
977 4191 1045 4268 περὶ
1061 4183 1153 4271 αῦπήν
1168 4185 1345 4272 όμηγῦρεως

124 4317 183 4369 τῶν
205 4305 374 4390 ἱερωτάτων
398 4306 633 4388 μητροπολιτιῖιν,
648 4313 701 4367 τοῦ
715 4303 917 4387 Καισαρείας,
940 4313 993 4367 τοῦ
1015 4303 1160 4390 Ἐφέσου,
1176 4315 1228 4368 τοῦ
1251 4303 1345 4386 Ἡρα·

126 4427 243 4501 κλείας,
267 4435 320 4488 τοῦ
342 4421 487 4500 Κυζίκου,
509 4431 564 4486 τοῦ
579 4423 789 4506 Χαλκηδόνος,
814 4433 867 4485 τοῦ
882 4421 1170 4506 Ἃδριανουπόλεως,
1193 4431 1246 4486 τοῦ
1262 4421 1344 4486 Πον-

127 4545 339 4626 ιοηρακλείαε.
365 4554 417 4607 τοῦ
440 4543 592 4624 Βρότεως,
617 4549 668 4604 τοῦ
692 4541 794 4618 Λῖνου,
818 4551 871 4606 τοῦ
892 4541 1015 4629 Βιζόης,
1039 4553 1092 4608 τοῦ
1108 4541 1277 4626 Σηλυβρίας
1292 4547 1346 4604 καί
