3256 5272
1241 331 1302 396 219

84 517 138 600 μὲν
160 518 221 600 γάρ
245 512 296 580 ἀπ’
312 514 450 589 ἐναντίας
465 529 502 603 τῆ
522 517 668 603 συνυδικῇ
689 519 785 601 ταόιη
807 517 969 596 διαγνώσει
990 519 1025 580 τό
1046 518 1158 599 προσόν
1185 525 1223 600 τῇ
1245 523 1303 576 ιιῖν

82 631 230 699 Παλαιῶν
247 631 375 720 Πατρῶν
398 637 557 702 συνοδικδν
580 640 708 720 γράμμα
730 643 782 699 τοῦ
804 643 861 717 κόρ
882 631 1009 698 Ἡσαΐου
1031 630 1063 696 ίν
1086 637 1180 716 μίρει,
1204 626 1298 695 αότό-

81 757 137 816 θεν
159 755 195 816 δί
220 751 417 839 ἀπηλίγχιτο
439 760 494 818 καί
516 753 687 838 ἀνατροπὴν
710 753 894 837 ἐλάμβανεν,
918 751 949 826 ἐξ
970 751 1012 816 ὧν
1034 750 1075 823 ὥς
1097 751 1214 820 οἰκείας
1237 747 1301 812 λδι-

81 876 172 934 καίυυ
194 874 253 956 τῆν
274 884 332 937 των
354 873 501 937 Παλαιων
523 872 651 956 Πατρῶν
674 871 880 954 ίπιλαβίσθαι
906 869 1012 956 αὐτῆς,
1040 873 1136 948 λόγων
1159 866 1226 952 ἅμα
1239 869 1302 931 καί

82 984 122 1060 ὃς
148 989 332 1075 οἰκονομίας
356 993 440 1074 λόγῳ
465 995 676 1076 παρεχωρῆθη
704 1002 741 1074 τῇ
768 999 822 1074 τῆς
847 989 1083 1072 Λακεδαίμονος
1114 991 1168 1050 καί
1194 983 1237 1056 ιδς
1263 989 1301 1048 τά

82 1100 175 1189 αὐτῆς
197 1103 358 1190 ἠκόρωται
380 1111 575 1192 δικαιώματα
596 1112 681 1190 παρὰ
707 1116 759 1170 τοῦ
787 1115 897 1170 σεπτοῦ
913 1107 1142 1189 χρυσοβυόλλου
1165 1111 1218 1166 τοιῖ
1241 1103 1299 1184 βα·
1416 1103 1421 1113 “

81 1225 188 1295 σιλόως
211 1233 269 1286 τοῦ
291 1224 381 1304 άγίυυ
403 1235 456 1290 τοῦ
477 1230 601 1290 πάππου
624 1233 677 1289 τυδ
700 1225 736 1288 δκ
758 1228 836 1289 θεοῦ
858 1229 1021 1307 κρατίστου
1043 1229 1097 1286 καί
1125 1221 1214 1301 ἀγίυυ
1242 1241 1301 1304 μου

81 1340 327 1428 αὐτοκράτορος,
354 1354 407 1408 του
434 1343 577 1428 ἀοιδίμου
603 1349 658 1407 καί
685 1349 868 1428 μακαρίτου,
895 1347 1005 1424 καίπερ
1037 1340 1081 1405 ἐπ’
1105 1339 1205 1404 οὐδενί
1230 1361 1292 1402 πα-

81 1458 217 1566 λαιτδριρΙ
239 1463 424 1545 δικαιόματι
451 1463 694 1547 ἐπερειδόμενον,
722 1459 822 1544 ὥσπερ
850 1460 898 1524 ἐπί
924 1462 1049 1532 πολλοῖς
1078 1465 1133 1522 καί
1160 1461 1238 1522 πολό
1264 1461 1299 1521 τό

81 1579 203 1661 βίβαιον
228 1580 340 1664 ἔχουσι
361 1585 415 1644 καί
436 1581 562 1664 ίσχυρδν
585 1584 618 1644 τδ
641 1586 723 1664 παρά
746 1589 798 1643 τοιῖ
820 1589 877 1663 κυρ
892 1579 1065 1664 Γρηγορίυυ
1079 1578 1299 1663 προβάνῆδια·

81 1699 294 1780 λαμβάνοντος
316 1701 351 1762 δὲ
373 1707 427 1762 τοῦ
449 1701 587 1762 τοιουτου
613 1703 773 1762 συνοδικου
800 1703 980 1782 γράμματος
1001 1701 1055 1760 καί
1081 1702 1151 1780 περί
1178 1695 1299 1779 ἀκυρω-

83 1817 159 1898 οίιγς,
182 1815 228 1890 ὣς
253 1819 385 1903 εἴρηται,
408 1829 467 1882 τῶν
489 1820 691 1903 δηλωθέντων
713 1820 944 1901 δικαιωμάτων,
968 1815 1040 1880 οὐδὲ
1066 1825 1156 1880 τοῦτο
1182 1815 1299 1898 παράλ-

81 1953 131 1998 κον
152 1932 364 2020 ἡγησάμεθα,
388 1934 467 2000 ὥστε
492 1939 533 2021 μῆ
562 1949 599 2020 τῆ
625 1909 825 2022 προσηκοόση
852 1937 960 1998 δουναι
985 1934 1130 2009 δίετάσει.
1159 1932 1298 2018 δίητῆθη

82 2052 174 2116 τοίνυν
196 2056 256 2116 καί
279 2051 465 2138 ίνεφανίσθη
488 2051 562 2137 ἡμῖν
581 2057 615 2116 τό
639 2057 748 2117 σεπτδν
771 2055 1009 2136 χρυσόβουλλον,
1031 2050 1100 2136 παρ’
1114 2048 1150 2114 οδ
1175 2048 1297 2134 ἀκυρω-

82 2171 172 2253 θῆναι
195 2169 284 2233 ταῦτ’
306 2171 405 2248 ἔλεγε,
426 2175 481 2234 καί
502 2171 685 2255 ἀνεγνώσθη
708 2169 739 2233 ἔν’
763 2170 900 2254 ἐπηκόῳ,
924 2168 1067 2254 οὐδαμῶς
1088 2171 1123 2233 δὲ
1146 2167 1298 2254 δμᾶμνητο

82 2283 261 2360 ἀκοθίσεως
288 2291 431 2373 τοιαύτης
456 2294 523 2372 περί
549 2299 604 2374 τῆς
632 2288 796 2374 εἰρημένης
822 2288 1003 2375 ἐπισκοπῆς,
1031 2289 1112 2354 ἀλλά
1132 2292 1200 2372 περί
1222 2285 1297 2351 ἀπο-

80 2411 195 2480 θέσεως
229 2415 283 2471 τοῦ
312 2413 515 2492 μυναστηρίου
546 2417 599 2472 τοῦ
626 2406 716 2486 ἁγίου
741 2408 880 2479 Νίκωνος
906 2414 961 2472 καί
992 2413 1062 2492 περί
1087 2403 1207 2478 δδατος.
1235 2405 1300 2470 ἐπεί

82 2522 129 2587 οὖν
151 2525 310 2610 ἀριδῆλως
335 2531 390 2590 καί
417 2525 638 2611 ἀναντιρρῆτως
661 2526 852 2610 ἀπεδείχθη,
880 2525 955 2590 καθ’
983 2527 1016 2590 δν
1039 2527 1156 2611 εἴρηται
1177 2529 1298 2609 τρόπον,

82 2641 198 2705 ἀνωθεν
222 2649 279 2706 καὶ
300 2642 331 2716 ἐξ
353 2643 453 2727 ἀρχῆς
475 2656 512 2728 τῆ
535 2654 588 2728 τῆς
610 2643 849 2728 Λακεδαίμονος
871 2647 1061 2730 διαφέρουσα
1082 2641 1102 2729 ἡ
1124 2652 1177 2706 τοῦ
1199 2641 1297 2726 Ἀμυ-

21 2741 22 2744 '
82 2763 183 2824 κλείου
206 2761 358 2845 δπισκοπῆ
384 2765 438 2824 καί
464 2759 506 2834 ιδς
533 2763 693 2846 ἀνοριακὸν
720 2759 814 2846 αότῆς
840 2764 960 2827 δίκαιον
983 2765 1037 2848 τῆν
1059 2762 1158 2847 ἀρχὴν
1179 2767 1234 2826 καί
1256 2760 1297 2833 ὣς

81 2877 145 2963 παρ’
169 2877 267 2962 αδτῆς
289 2879 332 2950 είς
353 2878 520 2965 ἐπισκοπὴν
548 2883 794 2964 προβιβασθεῖσα
819 2885 874 2944 καί
895 2879 942 2944 ὑπ’
965 2879 1057 2965 αὐτην
1085 2882 1231 2957 τελοῦσα,
1258 2877 1297 2943 δι’

83 2999 102 3061 δ
120 3001 227 3072 καλῶς
249 3005 369 3072 πάντως
391 3005 445 3063 καί
465 3011 635 3072 κανυνικως
658 2999 822 3064 ἐδικαίωσε
845 3005 900 3062 καί
921 2999 941 3084 ῆ
964 3009 1017 3063 τοῦ
1045 3008 1102 3083 κδρ
1124 2999 1298 3084 Γρηγορίου

83 3121 224 3202 συνυδική
248 3121 369 3201 πρᾶξις,
393 3108 443 3181 οἷα
465 3123 556 3202 μητρί
578 3123 689 3202 γνησία
711 3129 748 3203 τῇ
771 3129 825 3203 τῆς
847 3119 1084 3201 Λακεδαίμονος
1112 3115 1297 3182 ὑποκεῖσθαι

84 3242 133 3299 καί
152 3240 247 3302 πάλιν
270 3235 378 3320 αδτῆν·
406 3240 692 3322 συνδιασκεῆαμένη
719 3242 758 3301 τά
778 3242 846 3320 περί
867 3235 1012 3322 τούτουὴ
1034 3241 1192 3322 μετριότης
1211 3234 1296 3322 ἡμῶν

85 3366 141 3427 τοῖς
161 3359 232 3438 περί
255 3351 347 3438 αὐτὴν
371 3353 544 3438 ἱερωτάτοις
567 3355 757 3440 ἀρχιερεῦσι,
780 3356 822 3439 τῷ
843 3355 988 3431 Κυζίκου,
1011 3355 1052 3438 τῴ
1076 3355 1234 3438 Σάρδεων,
1257 3354 1299 3438 τῷ

86 3473 324 3560 Θεσσαλονίκης,
351 3476 396 3558 τιρ
420 3475 606 3560 Δυρραχίου,
634 3477 676 3558 τῷ
700 3475 964 3558 Χριστυυπόλεως,
992 3476 1033 3558 τῴ
1060 3474 1225 3550 Μαδότων,
1259 3475 1300 3556 τῷ

86 3589 255 3679 Μηθύμνης
286 3599 340 3658 καί
367 3598 401 3657 τό
422 3595 558 3678 Βάρνης,
596 3597 630 3658 τό
656 3603 749 3678 κῦρος
776 3599 831 3668 καῖ
858 3599 981 3676 βέβαιον
1008 3595 1093 3678 ἔχειν
1119 3596 1173 3656 καί
1198 3592 1241 3663 είς
1263 3595 1298 3656 τὸ

88 3709 150 3796 ἑξῆς
175 3718 215 3776 τά
241 3722 367 3775 τοιαῦτα
394 3714 589 3796 δικαιώματα
615 3724 669 3797 τῆς
694 3714 846 3784 πολλάκις
872 3714 1099 3799 διαληφθείσης
1127 3709 1299 3796 ἁγιωτάτης

91 3831 300 3912 μητροπόλεως
325 3829 579 3914 Λακεδαιμονίας
603 3831 714 3914 ίκρινε,
736 3835 791 3894 καί
811 3829 880 3894 κατ’
903 3827 982 3893 αότά
1004 3829 1182 3924 ἐδικαίωσεν
1205 3827 1299 3893 δπανν

91 3947 186 4012 ελθεῖν
209 3953 263 4013 καί
279 3949 530 4035 ’ίπανασωθῆναι
557 3962 595 4035 τῆ
622 3933 833 4036 διαληφθείση
860 3947 1016 4033 ἁγιωτάτη
1040 3951 1224 4034 μητροπόλει
1246 3957 1299 4033 τῆς

88 4063 333 4152 Λακεδαιμονίας
364 4071 417 4154 τῆν
449 4066 598 4160 ῥηθεῖσαν
626 4069 794 4152 ἐπισκοπὴν
825 4065 919 4152 αδτῆς
946 4076 999 4131 τοῦ
1025 4067 1213 4152 Ἀμυκλαίου
1245 4071 1300 4130 καί
1342 4095 1345 4101 ·

89 4178 263 4262 ἀποκεῖσθαι
286 4184 363 4273 αδτῆ
386 4188 594 4274 ἀναραιρίτως
619 4192 673 4250 καί
701 4186 944 4259 ἀναπυσπάστως
970 4187 1015 4260 είς
1038 4189 1089 4250 τάν
1112 4186 1180 4268 ἑξῆς
1196 4183 1296 4249 ἀπαν-

90 4322 124 4365 τα
140 4309 196 4390 «καί
216 4306 341 4392 διηνεκῆ
357 4311 482 4391 χρόνον,
505 4311 587 4370 κατά
613 4329 646 4370 τε
670 4307 723 4392 τῆν
749 4309 908 4392 περίληψιν
934 4317 993 4370 τῶν
1015 4307 1191 4390 προσόντων
1219 4301 1297 4389 αότῆ

92 4417 240 4512 ἔγγράραν
262 4427 487 4510 δικαιωμάτων,
511 4409 542 4501 ἐξ
563 4424 604 4490 ιδν
627 4425 836 4511 ἀριδηλότατα
859 4424 1068 4512 ἀναφαίνεται,
1084 4423 1201 4487 οἰκείαν
1222 4425 1298 4487 ταό·

93 4560 141 4624 της
167 4543 241 4608 εἶναι
264 4542 445 4630 ἐπισκοινῆν,
473 4543 515 4619 ὣς
542 4549 601 4648 καῆΙ
621 4547 674 4629 τῆν
702 4555 756 4630 τῆς
777 4545 898 4630 Πίσαης
923 4551 977 4610 καὶ
1003 4547 1056 4628 τῆν
1079 4537 1136 4608 τῶν
1158 4543 1296 4626 Ἐίερυῖῆ
