3282 5270
213 284 224 354 .’
313 293 376 356 492

315 476 470 561 συλλαβὴν
492 475 511 563 ἢ
535 483 607 562 μίαν
628 481 755 560 κεραίαν
776 479 993 562 παροραθῆναι
1014 485 1071 541 τῶν
1093 483 1238 562 κειμένων
1253 480 1425 564 δογμάτων,
1448 481 1530 544 ἀλλὰ

313 605 372 658 τῶν
405 593 611 675 εύαγγελικῶν
633 619 665 660 τε
687 601 743 661 καί
764 593 974 661 ἀποστυλιτιῶν
995 601 1051 661 καί
1070 609 1223 681 πατρικῶν
1249 605 1384 664 κανόνων
1408 623 1441 663 τε
1473 603 1530 664 καί

312 715 472 797 δογμάτων
494 721 548 779 καί
570 727 627 779 τῶν
650 713 788 802 ἀρχαίων
806 718 1000 800 νομοθεσιῶν
1014 721 1171 802 κειμένων,
1194 713 1272 781 υύτω
1286 725 1340 783 καί
1355 717 1440 804 ἡμᾶς
1453 723 1529 784 δυῶ-
1628 779 1629 812 φ

313 855 363 896 ναι
385 835 478 913 λόγον
498 831 570 919 ὑπὲρ
585 845 643 898 τῶν
658 841 864 919 προκειμένων
888 833 1074 901 ὑποθέσεων.
1098 839 1150 901 διά
1171 847 1259 902 τοῦτο
1281 843 1334 902 καί
1356 845 1460 913 πάσας
1474 861 1531 904 σου
1628 815 1629 842 ³

312 953 454 1025 δουλείας
477 951 573 1039 ἀφείς,
596 951 667 1018 ύσαι
688 957 742 1015 καί
765 952 829 1025 οἶαί
850 953 919 1030 είσι,
934 959 989 1018 καί
1001 959 1102 1028 πάντα
1122 959 1160 1020 τά
1176 962 1361 1041 προκείμονά
1384 981 1435 1022 σοι
1458 961 1530 1022 δεύ-

309 1092 385 1154 τερα
415 1075 548 1155 θίμτνυς
580 1082 633 1136 τοῦ
665 1071 735 1154 περὶ
768 1069 925 1154 εὐσεβείας
957 1074 1066 1152 λόγου,
1102 1075 1275 1139 σπούδασον
1301 1079 1390 1147 Ικατάι
1423 1087 1528 1140 πάσαν

309 1188 447 1274 ἀνάγκην
468 1191 654 1274 καταλαβεῖν
676 1190 810 1256 ἐνταῦθα
838 1197 916 1275 μετὰ
947 1203 1006 1256 τῶν
1039 1191 1095 1258 fua
1128 1199 1170 1258 σί.
1195 1198 1314 1264 πάντων
1348 1193 1529 1279 ἀρχιερέων,

309 1310 389 1373 ἔνθα
411 1313 470 1393 γάρ
493 1311 558 1374 ίστι
580 1309 597 1375 ὁ
618 1314 686 1394 περί
707 1305 865 1392 εύυεβιίας
886 1315 941 1375 καί
964 1318 1032 1396 περί
1063 1319 1192 1385 πίστεως
1214 1289 1307 1392 λόγος
1328 1317 1526 1398 προηγούμε-

307 1449 367 1500 νυς.
389 1433 488 1492 πάντα
510 1431 556 1492 δεί
576 1430 781 1511 παραβλέπων
802 1433 853 1496 τύν
874 1435 948 1514 πρός
964 1431 1116 1516 ἀλήθειαν
1135 1433 1295 1514 βλέποντα.
1318 1431 1452 1519 όφείλεις
1475 1432 1529 1498 υύν
1628 1515 1629 1536 φ

307 1548 495 1628 καταλαβιίν
517 1546 601 1622 ιἐντός
623 1557 677 1632 τῆς
698 1554 884 1634 τεταγμένης
900 1552 1033 1634 διωρίας,
1056 1549 1230 1635 ἀρχομένης
1253 1551 1312 1615 ἀπό
1335 1561 1387 1616 τυό
1410 1557 1529 1636 παρόν-

307 1687 358 1736 τυς
379 1665 492 1728 ίουνίου
515 1669 609 1750 μηνός
631 1675 685 1750 τῆς
707 1665 903 1752 ἀνισταμένης
925 1668 948 1731 τ’
967 1669 1155 1742 ὶνδικτιῶνυς
1180 1675 1274 1753 μέχρι
1301 1675 1356 1734 καί
1381 1673 1526 1756 συμπλή-
1628 1665 1629 1700 ³

305 1777 534 1868 ρωσινχρόνων
556 1787 620 1852 δύο·
655 1783 708 1849 ἐὰν
734 1787 783 1856 δέ,
802 1789 1022 1873 παρελθούσης
1054 1798 1108 1874 της
1129 1789 1273 1872 τοιαύτης
1306 1791 1432 1872 διωρίας
1467 1787 1526 1853 ούκ

307 1901 388 1986 ἔλθη
410 1899 430 1986 ἡ
453 1900 607 1988 άγιωσύνη
630 1925 696 1980 σου,
718 1902 805 1989 ἡμεῖς
828 1900 930 1968 οὐκέτι
953 1908 1104 1990 μάλλομεν
1119 1912 1296 1991 περιμένων,
1320 1911 1379 1972 ,καί
1399 1911 1482 1992 πόση
1505 1906 1526 1991 ἡ
1628 1985 1629 1998 μ

305 2025 400 2104 ζημία
422 2019 494 2096 ἐστί,
516 2027 596 2106 πόση
620 2024 731 2107 βλάβη,
753 2028 833 2107 πόση
855 2027 930 2106 τιμάς
953 2027 1069 2096 τούτοις
1092 2025 1207 2108 ἀτιμία,
1233 2028 1375 2088 τοιούτων
1396 2047 1526 2111 πρυκει-
1628 2005 1629 2016 ³

305 2146 401 2222 μόνων
424 2139 599 2219 ἀναγκαίων
622 2141 886 2225 ὲκκλησιαστικῶν
909 2141 1086 2207 ὑποθέσεων
1107 2143 1333 2230 ἀπολειφθῆναι
1354 2147 1409 2230 την
1425 2144 1526 2224 ἀγιιο-
1628 2129 1629 2136 ἶ

258 2261 261 2267 ’
305 2263 396 2344 σύνην
429 2281 484 2337 σου
506 2271 560 2344 τῆς
582 2263 725 2344 τοιαύτης
749 2259 922 2346 ίπωφελούς
946 2265 1159 2337 συνελεύσεως,
1185 2260 1285 2346 ὥσπερ
1312 2261 1377 2329 ἐπεὶ
1411 2265 1525 2352 ἔλθης,

302 2381 383 2462 πόση
406 2379 476 2462 τιμὴ
499 2383 553 2441 καί
573 2379 658 2454 δόξα,
680 2382 776 2442 πόσον
798 2380 908 2461 κέρδος
930 2384 983 2444 καί
1007 2384 1088 2465 πόση
1110 2379 1243 2466 ἀφέλεια
1270 2381 1358 2444 ἔσται
1391 2387 1446 2445 καί
1480 2383 1525 2454 εἰς

302 2497 355 2580 την
390 2493 559 2581 ἁγιωσύνην
592 2517 648 2560 σου
680 2502 734 2559 καί
756 2495 798 2568 είς
820 2497 891 2570 τούς
914 2495 1149 2583 εὑρισκομένους
1175 2495 1286 2563 αότόθι
1318 2504 1525 2583 χριστιανυύς.
1628 2577 1629 2588 ρ

301 2616 503 2678 σπουδασάτω
525 2620 623 2685 τοίνυν
646 2611 723 2699 αύτη
746 2614 917 2701 ἀφικέσθαι
943 2619 1094 2694 ἐνταῦθα,
1116 2622 1214 2682 πάντα
1236 2622 1274 2680 τὰ
1297 2617 1379 2681 ἄλλα
1403 2618 1525 2686 ἐλάττω

301 2736 432 2816 θέμενος
454 2743 508 2818 της
531 2737 674 2818 τοιαύτης
697 2731 887 2812 ὑποθέσεως,
910 2742 1083 2814 γινωσκέτω
1105 2738 1140 2799 δέ
1162 2735 1182 2822 ἡ
1206 2735 1359 2821 ἁγιωσύνη
1384 2759 1451 2813 σου,
1475 2737 1527 2804 ὅτι

300 2851 352 2933 την
375 2846 446 2927 ύγιᾱ
467 2857 521 2916 καί
545 2849 710 2936 ἀμώμητον
732 2858 830 2916 πίστιν
853 2857 905 2916 καί
921 2855 981 2937 τὴν
1004 2853 1161 2936 εύσίβειαν
1183 2853 1269 2941 ἡμῶν
1290 2853 1407 2918 καὶ-τὰ
1433 2855 1523 2939 όρθά

299 2971 411 3053 ταύτης
433 2969 575 3052 δόγματα
596 2967 674 3034 ούτιι
697 2971 892 3056 φυλάσσομεν
911 2975 968 3046 καί
989 2967 1084 3052 υύτως
1107 2973 1221 3057 ἔχομεν
1245 2969 1339 3058 καίὴ
1364 2972 1522 3062 ἐκκλησία

298 3091 352 3152 καί
373 3085 392 3171 ἡ
416 3089 567 3171 βασιλεία,
600 3085 701 3172 ὥσπερ
724 3093 778 3152 καί
798 3093 946 3173 πρότερον
968 3090 1103 3174 εἴχομεν,
1126 3097 1181 3156 καί
1203 3093 1244 3178 μὴ
1270 3095 1435 3177 πιστεύσης
1457 3093 1522 3158 τισὶ

300 3203 441 3280 λέγουσιν
462 3204 625 3290 ἴσως-περί
645 3205 731 3292 ἡμῶν
753 3206 884 3286 λναντία,
908 3206 975 3272 ἀλλ’
998 3205 1076 3272 υύτω
1090 3211 1281 3294 διακείμεθα
1295 3214 1362 3292 περί
1383 3213 1421 3273 τὰ
1437 3208 1523 3293 ἀρθά

298 3327 352 3390 καί
375 3321 481 3408 ἀληθῆ
504 3329 570 3408 περί
592 3330 669 3390 θεοῦ
692 3329 841 3411 δόγματα,
864 3333 918 3391 καί
940 3324 1036 3400 οὕτως
1058 3327 1149 3412 ἐσμέν
1169 3333 1223 3392 καί
1237 3337 1298 3413 νῦν,
1321 3327 1423 3410 ὥσπερ
1439 3327 1521 3412 ἦμεν

298 3445 352 3503 καί
383 3445 541 3525 πρότερον,
576 3448 630 3506 καί
653 3449 711 3527 γάρ
734 3442 811 3509 υύτω
834 3451 1088 3532 συνεφωνήσαμεν
1111 3451 1268 3531 μετὰτῶν
1291 3458 1429 3531 μηνυτῶν
1463 3457 1518 3514 τοδ

296 3559 399 3636 Πάπα,
420 3559 481 3637 ἵνα,
504 3559 557 3624 ἐὰν
580 3575 660 3647 φανῇ
683 3565 717 3626 τό
738 3561 885 3648 ἡμέτερον
907 3565 1008 3647 δόγμα
1031 3563 1061 3628 όν
1084 3576 1121 3648 τῇ
1137 3567 1255 3648 συνόδῳ
1271 3565 1331 3628 ἀπὸ
1346 3575 1404 3628 τῶν
1420 3565 1516 3630 θείων

297 3689 419 3764 γραφῶν
440 3693 573 3764 κρεῖττον
596 3690 652 3742 τῶν
663 3681 811 3758 Λατίνων,
836 3682 969 3764 ἔλθωσιν
992 3679 1102 3746 έκεῖνοι
1124 3683 1194 3767 μεθΙ
1215 3680 1301 3768 ἡμῶν
1320 3687 1375 3747 καί
1396 3681 1515 3768 δμολυ-
1628 3703 1629 3762 3

297 3799 442 3880 γήσωσιν,
464 3795 566 3881 ὥσπερ
589 3798 719 3881 λέγομεν
740 3797 836 3884 ἡμεῖς.
856 3804 1030 3892 θαρροῦμεν
1045 3803 1079 3864 δέ
1103 3801 1146 3884 tq}
1167 3801 1242 3886 θεῷ,
1265 3799 1311 3865 ύτι
1326 3798 1405 3865 υύτω
1421 3777 1514 3887 γενιὶζ
1628 3783 1629 3858 f

295 3935 391 3990 σεται,
414 3926 452 3999 τῇ
474 3913 567 3979 αύτού
590 3919 723 4000 βυηθείφ
744 3923 797 3982 καί
819 3923 930 4004 χάριτι.
954 3918 1087 4002 ἀκριβῶς
1107 3919 1158 3982 σύν
1178 3899 1444 4006 πληροφορήθητι,
1466 3920 1514 3985 δτι

294 4027 389 4103 υύτως
412 4032 488 4097 εἶναι
509 4009 614 4111 ταῦτα,
637 4033 678 4106 ὡς
701 4041 857 4122 γράφομεν
873 4050 910 4122 τη
927 4037 1081 4122 ἁγιωσύνῃ
1098 4061 1162 4124 σου.
1186 4041 1324 4116 γενέσθω
1347 4036 1399 4101 οὖν
1423 4035 1510 4114 ούτω,

293 4153 403 4221 καθὼς
435 4138 671 4238 παραδηλυύμεν
695 4151 782 4238 αὐτῇ,
804 4153 855 4217 ἵνα
876 4159 1041 4240 καταλάβη
1065 4155 1202 4219 ἐνταῦθα
1223 4153 1242 4242 ἡ
1260 4155 1431 4259 Ια’γιωσύνη
1454 4179 1509 4222 σου

294 4272 370 4351 μετὰ
404 4277 461 4330 τῶν
495 4267 551 4334 ύπύ
574 4277 610 4335 σί
632 4272 799 4358 ἀρχιερέων
821 4277 955 4355 πάντων,
987 4272 1050 4336 ἐπεί
1073 4279 1210 4339 τοιαῦταί
1233 4275 1309 4339 εἰσιν
1343 4265 1509 4354 ἀναγκαῖαι

293 4391 346 4451 καί
368 4385 566 4470 ἀπαραίτητοι
589 4389 621 4450 αί
639 4397 837 4474 πρυκείμιναι
852 4390 1107 4476 Ιέκιιλησιαστικαί
1129 4391 1302 4466 ὑποθέσεις.
1326 4392 1342 4456 ό
1365 4399 1508 4474 πανάγα-
