3258 5282
1247 297 1309 358 385

60 481 276 538 συνίσταται
295 469 315 556 ἡ
339 468 485 536 αύθεντία
506 475 561 536 καί
584 470 663 556 ἀρχὴ
687 469 789 547 αὑτοῦ,
811 469 831 556 ἡ
852 473 995 558 είρημίνη
1010 483 1096 538 πᾶσα
1109 473 1310 562 Ούγγροβλα-

66 598 146 673 χία,
176 588 246 656 ὑστύ
268 593 322 674 την
343 589 419 654 καθ’
440 588 521 675 ἡμας
544 575 714 673 ἀγιύιτότην
729 599 782 654 τοῦ
798 592 875 676 θεηῦ
891 594 1026 676 μεγάλην
1043 591 1210 678 ίκκλησίαν
1231 598 1312 660 κατὰ

64 718 129 774 τον
157 708 444 802 οξανναγεγραμμίνον
466 712 589 790 τρόπον·
612 711 768 792 μετίθηιιε
793 717 899 772 τοῦτον
922 711 959 792 δη
983 712 1032 772 τόν
1054 709 1192 796 Βιτίίνης
1212 708 1233 796 ἡ
1256 735 1313 797 με·

64 832 219 911 τριύπης
242 825 327 912 ἡμῶν
349 830 453 910 γνύμη
475 832 530 888 καί
551 824 678 907 εύύυκίη
698 835 752 889 τοῦ
773 837 922 908 κραταιοῦ
943 833 998 890 καί
1025 826 1113 906 ἁγίου
1140 851 1198 912 μου
1220 827 1314 894 αύτο·

68 949 261 1028 κράτορος,
283 954 336 1008 τοῦ
357 942 442 1008 πάντ’
466 944 591 1028 ἀρίστου
612 949 666 1006 καί
689 942 904 1027 ἀπαραμίλλου
925 957 963 1028 τη
985 956 1037 1008 τοῦ
1060 946 1158 1032 ἤθους
1180 953 1235 1012 καί
1256 959 1314 1012 τῦν

66 1067 216 1148 τρόπων
244 1066 482 1146 χρηστότητίτε
503 1067 558 1124 καί
580 1063 763 1145 γαληνότητι
788 1067 844 1124 καί
864 1065 899 1124 τύ
925 1065 1043 1126 δίκαιον
1068 1063 1099 1128 ἐν
1122 1063 1218 1128 ἅπασι
1240 1067 1315 1147 βου-

70 1185 233 1266 λομένου
255 1192 376 1263 κρατεῖν
398 1185 452 1244 καί
476 1174 755 1264 παρρησιάζεσθαι,
782 1179 825 1252 είς
846 1185 897 1244 τόν
919 1181 1031 1264 θρόνον
1052 1187 1154 1268 πάσης
1176 1181 1316 1268 Ούγγρο-

74 1303 246 1385 βλαχίιις.
270 1299 358 1362 ἴαται
379 1303 477 1362 τοίνυν
498 1302 532 1362 τό
556 1298 615 1362 ἀπύ
638 1299 727 1361 τοῦδε
748 1303 803 1360 καί
825 1297 869 1370 είς
890 1302 941 1362 τόν
968 1300 1037 1384 θεῆς
1062 1299 1181 1366 ἅπαντα
1207 1308 1317 1386 χρόνον

72 1419 93 1482 ό
120 1421 296 1502 ύηλεεθείς
318 1417 480 1500 ἱερύτατος
503 1416 726 1499 μητροπολίτης
740 1417 842 1499 πάσης
861 1413 1126 1502 Ούγγροβλαχίας,
1150 1415 1319 1502 ὑπίρτιμος,

77 1537 264 1622 ἀγαπητός
285 1540 366 1598 κατὰ
392 1537 497 1618 κύριον
523 1534 656 1618 ἀθελρῦς
681 1529 767 1616 ἡμῶν
792 1537 846 1594 καί
873 1535 1113 1618 συλλειτουργός,
1139 1533 1239 1620 ὥσπερ
1265 1545 1320 1600 τοῦ

78 1660 214 1741 θρόνου
244 1659 355 1738 ταύτης
380 1658 434 1716 καί
461 1661 514 1715 τοῦ
541 1650 702 1733 ἀνόματος,
733 1648 810 1713 οὑτω
837 1657 972 1736 μετέχων
1000 1658 1055 1716 καί
1082 1653 1241 1719 ἀπολαύων
1267 1661 1321 1720 καί

80 1787 142 1860 τῆς
181 1785 246 1838 τοῦ
268 1773 350 1856 ἱεροῦ
377 1775 545 1854 συνθρόνου
573 1770 837 1852 ὲγκαθιῦρύσεως,
864 1769 917 1832 ἀπε
943 1772 981 1854 δὴ
1010 1775 1134 1855 γνήσιος
1162 1772 1321 1858 ἀρχιερεύς

84 1899 142 1959 διὰ
173 1903 238 1978 τῆς
264 1896 390 1976 χάριτος
417 1901 471 1952 τοῦ
497 1894 575 1952 θεοῦ
603 1887 822 1958 ἀποκαταστάς
848 1898 900 1972 τῆς
927 1891 1128 1975 δηλωθείσης.
1150 1890 1322 1978 ἁγιωτάτης

85 2012 321 2097 μητροπόλεως
343 2007 599 2091 Ούγγροβλαχίας
625 2011 707 2069 κατά
735 2009 789 2089 την
816 2005 1075 2092 ἐκκλησιαστικήν
1103 2012 1184 2083 τάξιν
1211 2033 1243 2074 τε
1268 2016 1323 2074 καί

87 2129 311 2203 ὑποτύπωσιν,
339 2126 535 2203 ἀναγνώστας
562 2147 594 2187 τε
624 2128 797 2209 σρραγίζων
825 2123 861 2186 ίκ
887 2129 989 2210 πάσης
1016 2136 1069 2210 τῆς
1096 2126 1244 2211 λπαρχίας
1269 2135 1323 2192 καί

89 2247 224 2332 ἀνορίας
248 2242 343 2308 αὑτοῦ
365 2249 419 2308 καί
440 2240 660 2313 ὑποδιακόνους
685 2245 740 2303 καί
765 2241 928 2313 διακόνους
954 2245 1143 2325 προβιβτίίων
1169 2249 1222 2307 καί
1246 2266 1322 2328 πρ..

91 2369 273 2450 σβοτίρυυς
301 2373 496 2448 χειροτονῦν,
523 2359 741 2445 ἐπιλαβόμενός
769 2383 800 2422 τε
828 2365 883 2422 καί
908 2365 1026 2424 πάντων
1052 2373 1110 2424 τῶν
1137 2361 1325 2447 ύθενδήπυτε

94 2489 313 2572 διαφερόντων
334 2485 429 2563 ταύτη
452 2483 594 2543 όικαίων·
618 2476 692 2542 ὅθεν
715 2476 886 2562 όρείλουσιν
914 2478 946 2540 οἵ
971 2501 1003 2541 τε
1031 2480 1063 2542 ἀν
1085 2479 1162 2565 αύτη
1184 2483 1326 2566 κληρικοί

95 2609 155 2668 καί
177 2603 212 2666 οἱ
237 2597 517 2682 ἀλλοιίερωμίνοι,
546 2601 677 2680 μοναχοί
697 2600 752 2657 καί
777 2597 895 2672 λαίκοί,
923 2594 1054 2661 ὑπείκειν
1081 2603 1135 2662 καί
1161 2595 1324 2662 ύποτσίττε-

97 2725 180 2784 σθαι
204 2721 317 2801 τούτιρ,
341 2715 401 2780 ὑσα
421 2721 476 2780 καὶ
499 2721 613 2800 γνησίερ
636 2709 733 2776 αύτῦιν
755 2717 875 2796 ποιμίνι
897 2719 951 2776 καί
965 2719 1054 2796 πατρί
1068 2721 1121 2778 καί
1135 2717 1325 2798 διδασκάλῳ,

98 2845 158 2903 καί
177 2842 336 2922 θίχισθαι
357 2839 523 2919 προθύμως
544 2839 597 2898 καί
619 2833 825 2916 ἀποπληροῦν,
842 2830 902 2895 ὅσα
924 2835 1029 2916 μίλλει
1051 2837 1150 2912 λίγιίν
1171 2840 1225 2898 καί
1246 2857 1326 2917 ταρ·

100 2969 196 3022 ποιεῖν
231 2961 288 3020 καί
319 2954 514 3018 ἐκδιδάσκειν
545 2951 668 3028 αύτούς,
700 2949 860 3035 ἀφορῶντα
893 2949 936 3021 εἰς
966 2953 1099 3035 ψυχικὴν
1128 2953 1326 3029 λυσιτόλειαν,

101 3083 297 3160 τηρουμένης
320 3072 550 3155 ἀπαραποιητου
573 3069 631 3132 κάν
653 3073 695 3154 τῷ
716 3069 785 3151 ἑξῆς
808 3067 855 3130 ἀεί
878 3074 978 3152 χρόνῳ
994 3080 1047 3154 τῆς
1063 3069 1209 3154 ἀνομότου
1224 3070 1325 3157 ἀσφα-

101 3197 189 3266 λείας
212 3196 270 3256 καί
291 3190 487 3274 ὑποσχέσεως
511 3189 664 3272 ἀγγροίρου
692 3188 735 3256 είς
756 3189 809 3267 την
836 3183 926 3262 ἁγίαν
954 3196 1006 3248 τοῦ
1032 3187 1163 3270 Χριστοῦ
1192 3190 1325 3253 mm.

102 3315 160 3395 κήν
183 3317 241 3375 καί
270 3309 476 3390 ἀποστολικην
504 3307 672 3388 λκκλησίαν
700 3311 752 3365 τοῦ
780 3304 918 3364 τοιούτου
946 3298 1163 3378 εὐγενεστάτου
1191 3309 1326 3392 μεγάλου

106 3431 238 3510 βοίβόδα
261 3423 305 3498 ε’ίς
326 3429 361 3489 τό
383 3424 460 3486 εἶναι
483 3423 531 3486 ἀεί
553 3424 606 3505 την
629 3419 795 3502 ἐκκλησίαν
818 3429 871 3502 τῆς
887 3415 1144 3504 Ούγγροβλαχίας
1170 3419 1216 3482 ὑπ’
1232 3419 1325 3505 αύτὴν

106 3553 159 3610 καί
181 3548 340 3630 θίχετθαι
362 3539 411 3604 ἀπ’
435 3538 528 3632 αὑτῆς
551 3538 698 3620 ἀρχιερέα
720 3540 853 3618 γνήσιον,
876 3534 953 3599 ὥστε
977 3543 1035 3620 γὰρ
1054 3541 1266 3620 συντηρείσθαι
1281 3537 1324 3611 είς

107 3670 140 3728 τό
168 3666 238 3750 ἑξῆς
270 3673 358 3726 τοῦτο
386 3661 638 3740 ἀκαινοτόμητον,
667 3661 720 3718 καί
747 3657 915 3737 βαρύτατον
942 3661 996 3718 καί
1023 3657 1178 3718 συνοδικῦν
1198 3653 1323 3739 (ἀραρε-

109 3788 197 3866 σμύν)
230 3783 376 3870 ηπείλητο
414 3781 495 3840 κατὰ
529 3777 640 3844 παντός
672 3779 724 3834 τοῦ
755 3773 1027 3856 βουληθηοομὲνου
1059 3771 1216 3853 ἀκυρῶσαι
1238 3771 1323 3850 αὑτό,

110 3900 211 3986 ἐπειδη
239 3903 348 3965 τούτου
380 3897 483 3960 ἕνεκεν
514 3897 568 3954 καί
592 3914 612 3975 η
639 3899 778 3972 παροῦσα
806 3894 948 3973 σονοθικη
980 3893 1083 3972 πρᾶξις
1114 3903 1256 3967 γεγονυῖα
1282 3898 1325 3977 τῷ

111 4017 256 4104 είρημίνιρ
281 4019 487 4102 μητροπολίτη
509 4017 609 4093 πάσης
629 4005 885 4091 Ούγγροβλαχίας
907 4014 960 4069 καί
982 4003 1131 4090 ύπερτίμιρ
1154 4011 1197 4081 εὶς
1220 4009 1323 4092 ἀσφά-

113 4136 194 4198 λειαν
221 4137 408 4208 ἔπιδθδοται,
436 4131 627 4196 ἀπολυθεῖσα
657 4129 770 4188 κατὰ
806 4135 918 4206 μῆνα
955 4127 1088 4206 μιίίον
1127 4135 1201 4208 της
1238 4126 1319 4188 ὲνικ

117 4263 336 4338 σταμὲνης
379 4252 426 4331 ιβ’
467 4249 544 4312 ίνθ.
589 4255 663 4307 τοῦ
706 4262 731 4325 ,ς
768 4247 831 4314 ωξ
875 4243 897 4312 ζ’
931 4243 1078 4317 ἔτους,
1114 4242 1211 4325 ἥτις
1246 4251 1320 4306 καί

118 4366 407 4458 ύπεσημοίνθη
441 4379 488 4450 τη
521 4363 777 4445 αύτοχείριρ
816 4373 959 4445 γρκρη
994 4373 1067 4444 τῆς
1103 4359 1219 4444 ἡμῶν
1253 4385 1319 4443 με·

119 4493 351 4574 τριότητος
383 4491 413 4562 †.
1098 4585 1129 4632 ²⁵
