3258 5282
270 299 332 358 364

271 487 359 557 θεοῦ,
381 486 435 543 καί
457 483 566 552 καθὼς
589 480 617 543 οί
639 482 832 565 ριλευοεβεῐς·
850 491 908 544 τῶν
931 491 1113 564 χριστιανῶν
1142 479 1310 544 ἀπαιτοῦσι
1331 485 1446 565 νόμοι,
1473 478 1507 542 τί-

272 603 373 684 γάπην
397 599 522 682 έχοντες
545 595 609 681 μετ’
633 597 776 683 ἀλλήλων
797 604 852 662 καί
874 598 1005 683 εἰρήνην,
1030 600 1240 683 ἰλιημοσόνην
1261 605 1317 662 καί
1334 600 1514 684 μετάδοσιν

270 721 347 800 πρός
387 719 457 790 τούς
486 723 618 802 πένητας
647 722 702 781 καί
737 719 807 788 τούς
845 718 1076 802 αἰχμαλώτους,
1115 715 1292 800 έΕαγοριίαν
1323 721 1402 800 πρός
1438 719 1516 786 τοὺς

272 837 495 919 πνιυματικούς
528 841 676 919 πατέρας,
710 847 769 898 τῶν
796 834 1062 920 έκκλησιαστικῶν
1093 837 1243 908 σονάξεων
1276 841 1331 900 καί
1363 847 1429 900 τῶν
1469 836 1517 907 εἰς

272 957 348 1018 θεόν
371 952 526 1037 ὑμνῳδιῶν
550 955 700 1039 μηδαμῶς
724 953 1005 1038 ἀπολιμπανόμενοι
1028 951 1076 1016 έπί
1097 957 1254 1037 καθάρσει
1273 959 1328 1018 καί
1356 952 1517 1036 α”γιααραρ

275 1083 333 1135 τῶν
356 1072 477 1136 οἰκείων
500 1077 618 1156 ψυχῶν,
644 1075 699 1134 καί
721 1069 825 1143 ἁπλῶς
848 1071 955 1148 εἰπεῖν,
981 1075 1083 1157 πάσης
1110 1076 1165 1156 μὲν
1195 1071 1397 1156 ἀκαθαρσίας
1428 1071 1517 1136 ἁπε-

273 1197 415 1276 χόμινοι,
437 1195 538 1274 πάσης
561 1193 595 1254 δὲ
619 1191 849 1274 ἀγαθοεργείας
872 1190 1087 1276 ἀντεχόμενοι,
1115 1191 1146 1265 έξ
1167 1189 1205 1277 ής
1226 1195 1306 1264 θεός
1327 1195 1518 1276 θεραπεύσ-

275 1334 325 1375 ται
339 1316 401 1374 ’καί
424 1310 585 1396 ἀμείβεται
606 1313 759 1382 πλουσίως
785 1313 856 1382 τοὺς
883 1311 1016 1382 οἰκείους
1041 1315 1235 1395 θεράποντας
1262 1310 1295 1373 έν
1322 1334 1355 1375 τε
1382 1311 1428 1396 τῷ
1459 1320 1519 1374 νῦν

275 1431 361 1494 αἰῶνι
383 1435 437 1493 καί
459 1429 491 1492 έν
513 1430 558 1513 αρ’
579 1430 731 1512 μέλλοντι,
753 1432 897 1513 τοιαύτην
920 1433 978 1514 γὰρ
1000 1434 1055 1492 καί
1078 1429 1203 1514 ἔχοντες
1230 1431 1284 1514 τήν
1307 1428 1518 1516 ἀναστροφήν

275 1554 329 1612 καί
351 1551 418 1632 θεῷ
441 1545 688 1632 τιίαρεσκοόντες,
711 1550 900 1634 κληρονόμοι
923 1552 1096 1633 γενήσεσθε
1118 1553 1172 1612 καί
1194 1560 1252 1613 τῶν
1272 1549 1401 1612 αἰωνίων
1418 1548 1516 1626 ἀγα-

275 1671 350 1742 θῶν,
371 1667 395 1743 ά
418 1665 579 1749 ἑτοίμαοιν
601 1665 618 1730 ό
641 1670 717 1738 θεὸς
740 1680 801 1738 τοῖς
824 1665 882 1750 ὅλη
905 1671 1054 1751 προθέσει
1076 1672 1177 1752 ψυχῆς
1192 1665 1284 1731 αἰτόν
1301 1667 1515 1751 άγαπήσασιν

274 1792 329 1850 καί
351 1790 405 1857 τὰς
429 1792 596 1870 σωτηρίους
619 1785 713 1850 αὐτοῦ
729 1788 896 1871 φυλάξασιν
919 1787 1055 1863 ἐντολάς,
1080 1785 1116 1850 οἰ
1138 1793 1192 1850 καί
1213 1784 1233 1872 ή
1257 1791 1349 1870 χάρις
1372 1787 1420 1871 εἰη
1445 1809 1514 1871 με·

275 1911 313 1969 τὰ
334 1907 453 1969 πάντων
477 1905 558 1990 ὑμῶν
581 1913 610 1985 †.
726 1961 728 1964 .

360 2025 513 2112 ’ςΕἶχε
548 2031 607 2088 τό·
642 2025 746 2110 μηνὶ
780 2025 1002 2110 ἀπριλλίῳ
1034 2027 1111 2089 ἰνδ.
1141 2025 1157 2088 ι’
1185 2028 1257 2088 διὰ
1285 2036 1361 2110 της
1387 2030 1511 2108 τιμί-

276 2169 322 2218 ας
352 2148 634 2230 δεσποτικῆς
661 2151 735 2208 καί
763 2145 896 2222 ἁγίας
922 2156 1263 2229 πατριαρχικῆς
1292 2151 1451 2229 χειρός
1476 2149 1510 2222 †.

357 2503 395 2566 11.
418 2507 438 2580 †
461 2502 499 2566 οί
521 2502 564 2573 εἰς
586 2506 641 2588 τήν
664 2502 815 2589 ἐπαρχίαν
837 2509 892 2568 καί
915 2503 1108 2588 ἐπικράτειαν
1132 2494 1190 2566 τῶν
1205 2501 1378 2566 Κυκλάδων
1401 2506 1506 2586 νήσων

274 2618 494 2705 εὑρισκόμενοι,
518 2621 685 2705 ἱερωμένοι,
709 2623 866 2707 ἄρχοντες,
891 2627 1023 2707 μοναχοί
1045 2627 1098 2685 καί
1121 2623 1234 2697 λαῐκοί,
1257 2619 1288 2682 ὲν
1307 2625 1405 2704 κορίιρ
1420 2618 1506 2698 ἀγα·

273 2743 355 2825 πητὰ
377 2745 475 2804 ’τέκνα
502 2750 556 2824 τῆς
588 2739 674 2824 ἡμῶν
702 2747 907 2826 μετριότητος.
940 2747 1032 2826 χάρις
1058 2739 1125 2825 ὑμῖν
1153 2741 1199 2825 εἴη
1226 2745 1280 2802 καί
1308 2739 1414 2823 εἰρήνη
1441 2739 1506 2802 άπὸ

171 2861 172 2866 ’
277 2862 366 2922 θεοῦ.
397 2859 501 2922 οἴδατε
529 2857 571 2930 ὡς
594 2869 647 2944 τῆς
675 2854 848 2945 ἁγιωτάτης
876 2863 1094 2945 μητροπόλεως
1120 2857 1228 2924 Ῥόδου
1255 2864 1382 2942 γνησίου
1410 2857 1506 2942 ἀμοι-

278 2977 391 3060 ροόσης
414 2975 593 3060 ἀρχιερέως,
617 2976 729 3062 ἐρημία
751 2989 804 3042 τοῶ
826 2981 1006 3053 κωλύοντος,
1029 2981 1255 3062 παρεισήρχετο
1278 2979 1312 3039 τό
1336 2981 1429 3059 μέρος
1451 2985 1507 3038 τοῶ

277 3094 403 3178 Κρήτης
423 3093 444 3180 ή
466 3100 520 3158 καί
541 3094 643 3179 ἕτερός
666 3119 720 3173 τις,
740 3102 795 3161 καί
809 3096 931 3181 ἐνήργει
946 3101 1140 3181 χειροτονίας
1155 3098 1306 3158 διακόνων
1320 3099 1375 3157 καί
1391 3093 1506 3177 ἱερέων,

279 3213 334 3298 έτι,
350 3215 385 3276 δὲ
412 3219 467 3276 καί
493 3217 700 3298 καθιερῶσιις
727 3226 818 3291 ναῶν,
845 3219 928 3298 παρὰ
955 3218 1009 3299 τήν
1037 3217 1203 3299 κανονικήν
1225 3215 1437 3298 παρατήρησιν
1464 3213 1507 3286 ῶς

277 3329 347 3415 παρ’
375 3330 508 3414 ὲνορίαν,
540 3335 581 3418 μή
605 3328 754 3404 ἐνδόσεως
781 3331 876 3418 οὔσης
904 3332 952 3396 ὲπί
976 3330 1097 3404 τούτοις
1122 3338 1207 3416 παρὰ
1233 3343 1288 3416 τῆς
1315 3331 1393 3394 καθ’
1419 3333 1507 3417 ήμάς

278 3451 362 3534 ἱερᾶς
384 3455 438 3514 καί
460 3454 553 3524 θείας
575 3455 718 3528 συνόδου·
747 3451 856 3535 ἀρτίως
883 3455 917 3514 δὲ
945 3457 1103 3529 γινῶσκειν
1131 3449 1211 3534 ὑμᾶς
1239 3453 1435 3533 βουλόμεθα,
1464 3451 1507 3523 ιὀς

278 3581 316 3654 τη
339 3579 391 3633 τοῶ
414 3571 548 3652 Χριστοῦ
574 3576 679 3654 χάριτι
704 3569 864 3656 ἐψηφίσθη
891 3576 945 3634 καί
974 3572 1199 3654 ἐχειροτονήθη
1228 3568 1275 3632 ἐπί
1303 3579 1341 3652 τῇ
1368 3565 1506 3654 ῥηθείσῃ
1626 3621 1627 3630 ,

186 3767 188 3770 ¹
279 3688 436 3772 ἁγιωτάτῃ
460 3691 646 3773 μητροπόλει
668 3689 684 3753 ό
708 3688 869 3773 ίερῶτατος
893 3687 945 3752 ὅδε
963 3689 1187 3773 μητροπολίτης
1201 3687 1319 3760 Ῥόδου,
1342 3685 1507 3772 ὁπέρτιμος

280 3811 335 3869 καί
358 3807 489 3890 ἔξαρχος
511 3817 570 3870 τῶν
591 3807 763 3870 Κυκλάδων
786 3811 895 3891 νήσων,
920 3806 951 3868 ἐν
968 3806 1046 3890 ἁγίῳ
1068 3810 1215 3891 πνεόματι
1231 3807 1390 3888 ἀγαπητός
1406 3805 1504 3870 ἀδελ-

280 3929 337 4012 φός
358 3931 413 3989 καί
436 3927 666 4010 σολλειτουργός
688 3937 742 4012 τῆς
763 3925 849 4012 ήμῶν
873 3930 1078 4010 μετριότητος,
1102 3926 1179 4010 ἀνήρ
1203 3929 1323 3989 συνέσει
1341 3931 1397 3988 καὶ
1412 3948 1505 3990 πνεο-

281 4057 397 4129 ματικη
418 4048 544 4127 παιδεία,
564 4049 619 4109 καί
641 4043 735 4130 ἀρετη
757 4050 993 4130 κεκοσμημένος
1016 4051 1070 4109 καί
1093 4045 1198 4117 ἱκανός
1213 4053 1319 4130 ψυχῶν
1334 4021 1506 4130 καίιπραγ-

281 4167 384 4248 μάτων
414 4162 621 4247 προΐστασθαι
651 4169 706 4228 καί
736 4177 935 4250 χειραγωγεῖν
967 4159 1061 4236 αὐτὰς
1093 4167 1168 4247 πρός
1199 4165 1252 4248 τήν
1286 4169 1440 4247 σωτηρίαν
1467 4169 1507 4248 tq}

222 4291 224 4297 ‘
281 4280 479 4366 ὑποδείγματι
506 4292 558 4346 τοῦ
584 4286 749 4368 θεοφιλοῦς
771 4287 845 4364 ,βίου
873 4282 982 4359 αιίτοῶ,
1009 4280 1093 4352 ὅστις
1120 4283 1175 4344 καί
1204 4281 1329 4366 ἔρχεται
1354 4281 1425 4346 ἰδοὸ
1453 4286 1506 4348 σὺν

282 4403 347 4484 θεῷ
367 4406 441 4484 πρός
464 4399 554 4484 όμοίς·
577 4415 788 4483 παριγγυᾱται
811 4409 908 4465 τοίνυν
929 4413 1082 4485 πατρικῶς
1105 4413 1195 4465 πᾶσιν
1220 4399 1286 4484 ὑμῖν
1309 4399 1506 4486 ήμετριότης

281 4517 377 4604 ήμῶν,
401 4518 441 4590 ι’·υς
465 4518 500 4581 ἂν
525 4517 714 4602 ὑποδέέηοθε
739 4530 843 4584 τουτον
868 4519 932 4602 μετ’
957 4517 1142 4604 εὐφροσύνης
1159 4523 1238 4581 κατὰ
1256 4523 1288 4580 τό
1305 4523 1408 4602 χρέος.
1434 4519 1505 4602 ὅπερ
