3258 5282
535 536 722 602 CLXXXV.
745 539 826 601 6863
841 541 954 617 (1:355)
981 539 1026 602 17.
1044 539 1157 618 augusti
1180 537 1242 602 ind.
1262 539 1343 603 VIII.

330 678 409 732 Ασίίυ
418 680 560 748 σμιιοάιιίόυ
571 679 603 733 dc
614 681 785 733 πιοίκίυιοιιίυ
797 674 980 734 τόαίκαέταάο
989 682 1060 734 inter
1071 679 1267 743 Andronicum,
1274 683 1366 752 filiun
1376 683 1555 752 ἀπραταίοτίε

345 799 461 853 Ioannis
472 799 635 867 Ροίαεοίορί
645 810 671 852 εί
681 799 844 868 Κηναίκαυι,
854 800 943 870 filiam
953 799 1070 853 Ioannis
1080 798 1242 862 Αἱαυακάτί,
1255 800 1455 867 Βιιίρατσενα
1465 801 1542 866 κυρία.

415 945 634 1028 ΤΠρᾶΕῑς
668 945 888 1032 ῦθνῦδίίίή
920 941 940 1029 ἡ
974 955 1188 1021 γεγονυία
1213 949 1419 1028 πυρίτης
1456 964 1554 1024 σομ-

331 1067 581 1146 πενθερίας
613 1073 687 1126 τοῦ
720 1061 1063 1146 αὐτοκράτορος
1095 1073 1175 1127 τῶν
1204 1061 1453 1148 Ῥωμαίων,
1483 1061 1553 1126 ’Io-
1606 1077 1607 1120 ι

332 1188 467 1246 άννου
503 1193 577 1246 τοῦ
614 1183 955 1260 Παλαιυλόγου,
992 1188 1067 1246 καί
1098 1192 1172 1247 τοῦ
1209 1185 1441 1263 βασιλέως
1479 1192 1555 1244 τῶν

262 1303 263 1307 ’
330 1303 623 1383 Βουλγάρυν,
656 1299 955 1384 κῦρῚιυάννυυ
987 1301 1283 1384 Ἀλεξάνδρου
1318 1311 1397 1366 τοῦ
1434 1301 1553 1368 Ἀσά-
1607 1344 1608 1376 ,

330 1441 400 1506 νη,
437 1419 507 1484 έτί
545 1441 587 1484 τι
624 1419 679 1500 τιβ
716 1420 898 1500 βασιλεῖ
933 1428 1012 1502 κῦρ
1053 1419 1344 1504 Ἀνδρονίκῳ,
1387 1421 1448 1504 τῷ
1484 1419 1556 1502 υίιρ

331 1551 406 1602 τοῦ
439 1539 665 1620 βασιλέως
690 1537 1033 1615 Παλαιολόγου,
1067 1543 1143 1602 καί
1175 1550 1223 1624 τῇ
1250 1542 1454 1622 θυγατρί
1482 1545 1553 1600 τοῦ

331 1658 561 1738 βασιλέως
593 1665 672 1720 τῶν
708 1653 977 1739 Βουλγάρυιν
1008 1661 1038 1736 †.

416 1779 436 1852 †
450 1771 532 1857 Μηνὶ
548 1768 715 1851 αὑγοὺστυ),
733 1773 769 1845 ιζ’
782 1771 892 1857 ἡμέρα,
909 1776 1044 1858 δευτέρη,
1060 1775 1116 1839 ίνδ.
1134 1793 1198 1861 ηητ,
1214 1776 1300 1846 ίτους
1314 1787 1371 1858 ,3⁰⁰
1392 1789 1455 1838 στω
1475 1777 1553 1848 ἐγω
1608 1776 1609 1846 ί

331 1897 525 1979 συνήλθομεν
539 1896 652 1964 πάντες
667 1891 696 1956 οἱ
711 1898 793 1956 κατὰ
804 1895 857 1978 τήν
869 1895 1086 1970 θεοδόεαστον,
1098 1895 1311 1980 θεοφόλακτυν
1322 1900 1377 1958 καί
1388 1895 1548 1976 θεομεγά-
1608 1869 1609 1884 ³

329 2016 435 2077 λυντον
449 2012 768 2078 Κυνσταντινοόπολιν
791 2011 943 2096 ἀρχιερεῖς
965 2014 1131 2084 συνοδικῦς
1153 2017 1230 2097 μετά
1249 2023 1303 2077 τοῦ
1317 2015 1552 2092 παναγευτάτου

333 2130 420 2216 ἡμῶν
435 2132 594 2204 δεσπότου,
613 2139 667 2192 τοῦ
683 2129 898 2213 οἰκοομενικυῦ
913 2137 1113 2216 πατριάρχου,
1136 2129 1252 2216 ὑρισμιρ
1265 2141 1319 2197 τοῦ
1333 2142 1490 2216 κραταιοῦ
1504 2135 1554 2193 καί

329 2249 419 2330 ἀγίου
440 2248 526 2335 ἡμῶν
542 2247 695 2314 αὑθέντυυ
709 2254 764 2313 καί
778 2251 941 2332 βασιλέυς,
964 2255 1018 2314 καὶ
1038 2257 1158 2322 κυινιῦξ-
1171 2253 1468 2335 συνδιεσκεψάμεθα
1488 2251 1551 2331 περί

329 2377 383 2453 τῆς
404 2371 628 2452 συμπενθιρίας
646 2371 700 2430 καί
720 2369 866 2449 πράξεως,
888 2368 933 2430 ἔτι
947 2369 982 2430 δί
996 2371 1050 2430 καὶ
1064 2368 1171 2452 λοιπῆς
1185 2370 1406 2438 καταστάσεως
1428 2377 1485 2449 τῆς
1500 2385 1550 2440 γε·

328 2492 452 2566 γονυίας
469 2488 580 2571 μεταξὺ
602 2495 656 2570 τῆς
678 2496 829 2568 κραταιᾶς
850 2490 904 2548 καί
927 2483 1019 2584 ἀηίιις
1043 2486 1202 2567 βασιλείας
1218 2483 1321 2560 αὑτοῦ,
1345 2485 1429 2548 ἀλλὰ
1445 2485 1485 2568 δη
1499 2485 1550 2545 καί

327 2615 381 2670 τοῦ
403 2602 596 2691 ὑψηλοτάτου
619 2606 770 2686 βασιλέως
796 2615 854 2668 τῶν
876 2604 1073 2687 Βουλγάριυν,
1103 2613 1162 2688 κῦρ
1183 2603 1322 2668 Ἰωάννου
1344 2603 1547 2684 Ἀλεξάνδρου
1610 2641 1611 2648 1

326 2734 381 2788 τοῦ
402 2721 530 2806 Ἀσάνη,
553 2721 602 2786 έπί
624 2745 656 2785 τέ
678 2722 720 2806 τῷ
740 2725 878 2804 κραταιῷ
901 2727 955 2784 καί
977 2721 1055 2805 άγίιρ
1076 2719 1162 2806 ἡμῶν
1182 2719 1319 2804 αόθέντη
1341 2727 1396 2784 καί
1420 2722 1546 2803 βασιλεῦ,

326 2850 384 2926 κῦρ
407 2842 592 2924 Ἀνδρονίκῳ
614 2840 656 2924 τῷ
676 2840 891 2923 Παλαιολόγιρ,
914 2846 969 2903 καί
991 2853 1028 2925 τῇ
1050 2844 1180 2924 θυγατρί
1202 2849 1256 2903 τοῦ
1272 2837 1468 2925 ὑψηλοτάτου
1491 2841 1545 2920 βα-

325 2961 434 3032 σιλέως
466 2937 524 3023 τὺν
551 2960 749 3043 Βυυλγάρων,
776 2960 861 3042 κυρά
882 2959 1039 3042 Κυράτῑα·
1069 2959 1160 3022 ένθεν
1188 2982 1234 3022 τοι
1252 2965 1307 3022 καί
1327 2961 1449 3030 ἰδόντες
1480 2955 1546 3023 τούς

324 3080 497 3160 προβάντος
517 3075 630 3162 ὑρκους
651 3076 721 3162 παρ’
745 3077 923 3164 ἀμφοτέρων
946 3080 1000 3140 καί
1023 3076 1281 3161 ἀναλογισάμενοι
1306 3081 1361 3166 καί
1381 3083 1545 3160 κρίναντνί,

327 3198 371 3268 εὶς
394 3193 469 3282 ὑσην
493 3197 595 3282 ἀφορᾷ
619 3207 708 3261 τοῦτο
731 3200 836 3283 κοινὴν
860 3199 1004 3260 σόστασιν
1026 3197 1081 3260 καὶ
1102 3195 1252 3283 ὠφέλειαν
1274 3209 1332 3261 τῶν
1354 3205 1541 3281 χριστιανόν,

327 3314 483 3400 Ῥωμαίων
514 3321 569 3379 καί
590 3317 787 3399 Βουλγάριυν,
810 3322 864 3379 καί
887 3319 1005 3399 βλάβην
1027 3327 1086 3380 τιῦν
1109 3316 1238 3399 ἀσεβῶν,
1268 3315 1329 3401 ἤδη
1352 3315 1411 3380 ἀπό
1441 3320 1543 3394 κοινῆς

328 3439 451 3519 γνώμης
473 3440 527 3498 καὶ
549 3439 651 3521 ψήφου
674 3445 892 3520 συμφωνοῦμεν
914 3441 969 3498 καί
983 3434 1230 3522 ἀποφαινόμεθα,
1251 3433 1303 3498 ἵνα
1317 3439 1444 3518 γένηται
1458 3439 1541 3496 τοῦτο

328 3553 484 3625 ἀκολὺτυυς
505 3557 559 3616 καί
582 3551 810 3636 ἀνεμποδίστως
833 3557 910 3636 μετὰ
933 3563 985 3617 τοῦ
1009 3555 1115 3626 ἐλέους
1136 3562 1190 3616 τοῦ
1212 3556 1290 3617 θεοῦ
1305 3556 1359 3615 καί
1374 3561 1428 3635 της
1451 3549 1541 3633 τὺχηε

326 3675 381 3733 καὶ
403 3667 545 3748 τὺλογίας
565 3668 660 3756 ἡμῶν·
684 3670 777 3741 εἴτις
799 3671 833 3732 δὲ
856 3673 999 3756 βουληθῇ
1022 3669 1082 3735 ἀπὸ
1104 3675 1216 3734 τοὺτιον
1236 3670 1279 3742 τίς
1294 3671 1463 3732 κατάλυσιν
1477 3687 1538 3750 χιε-

327 3797 419 3872 ρῆσαι
441 3794 495 3852 καί
518 3789 666 3873 ἀθέτησιν
689 3801 742 3875 τῆς
765 3793 906 3873 τοιαύτης
927 3791 1090 3875 συνυδικης
1110 3793 1248 3873 πράξεως
1266 3789 1321 3852 καὶ
1343 3791 1538 3873 συμπλάττυιν

327 3911 494 3991 προφάσεις
516 3903 597 3978 τινὰς
620 3909 662 3979 εὶς
684 3909 850 3972 κατάλυσιν
874 3917 931 3969 τιῦν
954 3913 1122 3990 γενομένων
1145 3905 1243 3992 όρκιυν
1263 3905 1332 3990 παρ’
1356 3905 1536 3992 ἀμφοτέραν,

329 4023 372 4095 ὑς
394 4025 575 4107 ότδηλυται,
597 4025 648 4089 ἵνα
670 4027 714 4090 όνι
738 4026 795 4099 ἔξω
816 4033 869 4088 τοῦ
884 4025 1016 4107 Χριστοῦ
1038 4031 1092 4089 καί
1114 4035 1167 4110 της
1190 4023 1281 4102 άγίας
1295 4027 1471 4112 καθυλικης
1489 4023 1537 4084 καί

329 4141 536 4228 ἀποστολικΐης
557 4143 728 4229 ἐκκλησίας
755 4143 862 4207 αὑτοῦ·
886 4142 968 4226 εἴπερ
994 4145 1032 4226 δὴ
1060 4149 1113 4208 καί
1139 4141 1156 4206 ὑ
1183 4140 1374 4230 ὑψηλότατος
1401 4137 1533 4226 βασιλεὺς

329 4271 387 4323 τιῦν
407 4261 591 4345 Βυυλγάριυν
614 4268 731 4346 στέργει
753 4267 807 4326 καί
829 4262 997 4346 ἀποπληροῖ
1019 4261 1235 4346 ἀπαραβάτους
1256 4265 1326 4336 τοός
1349 4261 1468 4346 ὅρκους,
1487 4255 1533 4325 οὓς

329 4377 433 4467 ὑμοστ
462 4381 514 4443 διὰ
540 4391 592 4444 τοῦ
619 4379 829 4464 όρκιυροτικυῦ
857 4379 949 4445 αὑτοῦ
976 4390 1028 4444 τοῦ
1055 4388 1217 4460 γεγονότος
1243 4387 1298 4446 καί
1321 4381 1532 4456 ἀποσταλέντος

330 4497 373 4570 είς
395 4501 445 4562 τόν
467 4503 612 4582 κραταιόν
635 4505 688 4563 καί
711 4499 798 4578 ἅγιον
820 4498 907 4586 ἡμῶν
933 4497 1085 4586 αὑθέντην
1112 4507 1166 4565 καί
1192 4503 1323 4584 βασιλέα
1348 4505 1404 4564 καί
1426 4501 1469 4570 τίς
1487 4496 1531 4576 τὴν
