3314 5266
1305 305 1364 368 5⁴1

139 487 312 572 ἱερωτάτιιν
335 487 504 574 ἀρχιτρίων
526 491 581 552 καί
603 484 785 572 όπτρτίρων,
808 497 862 552 τοῦ
884 486 1032 564 Νικαίας,
1049 495 1109 552 Ιτοό
1130 485 1288 572 Βρόστως,
1311 495 1366 552 τοό

138 607 277 684 Ἰκονίου,
300 616 354 671 τοῦ
377 607 590 684 Σωζοπόλιως,
613 616 667 672 τοῦ
681 606 854 672 Κοτυατίου
875 611 930 671 καί
952 615 1005 671 τοῦ
1028 606 1272 692 ἀρχιιπισκόποο
1286 607 1364 692 Δόρ-

137 749 198 803 ιιω,
232 729 456 812 καθηρημίνον
479 725 557 790 ιίναι
579 723 671 790 αότόν
693 729 728 790 τό
751 723 811 790 ἀπό
834 727 923 790 ταδδι
950 729 1005 788 καί
1030 725 1279 812 ἀποτιτμημίνον
1311 735 1366 792 τοῦ

137 853 246 930 χοροόΙ
259 857 319 908 τόν
341 844 454 929 ίτρόων,
477 845 643 927 δοσσόβτιαΙ
665 850 724 928 γάρ
753 843 920 930 ἀλογίσθηΙ
939 853 1028 908 τοῦτο
1061 855 1100 931 τῇ
1132 843 1200 928 ἱερᾷ
1236 845 1364 929 συνόδιρ.

136 969 192 1029 καί
214 965 258 1036 τίς
280 965 415 1050 δηλωσιν
436 968 641 1049 κατεστρώθη
664 963 801 1029 όνταόθα
822 960 843 1050 ἡ
866 973 921 1049 τῆς
942 966 1160 1048 καθαιρίσιως
1174 960 1269 1028 αότοό
1285 962 1365 1029 ἀπό-

140 1106 235 1173 ρασιτ
256 1089 286 1165 †.

365 1323 524 1390 coxon.
547 1323 791 1404 (6879-1371)
811 1329 858 1388 12.
874 1323 959 1388 maii.
974 1323 1039 1389 ind.
1056 1323 1140 1390 vul.

470 1501 575 1571 θμαοάί
588 1501 724 1556 ἀστασίαστοι
733 1501 771 1565 ,τίς
789 1503 1032 1560 homuncionibus.

222 1679 337 1766 γλίηνί
360 1677 455 1764 μσίφ,
474 1679 521 1761 ιβ’,
541 1677 600 1744 ίνδ.
623 1702 661 1766 η,
683 1683 925 1767 προκαθημένου
948 1690 1001 1746 τοῦ
1023 1686 1257 1760 παναγιωτάτοο
1279 1680 1367 1769 ἡμων

136 1801 297 1876 δεσπότου,
310 1809 365 1863 του
388 1799 603 1883 οίκουμινικοό
624 1802 823 1885 πατριάρχου,
837 1800 870 1864 όν
892 1810 953 1873 τοῖς
969 1803 1077 1874 διξιοίς
1091 1809 1366 1886 κατηχοομιντίοις

136 1929 191 2005 τῆς
214 1917 388 2002 ἁγιωτάτης
410 1925 464 1980 τοό
486 1919 564 1982 θεοῦ
588 1920 727 2003 μεγάλης
749 1918 934 2004 λκκλησίας,
963 1921 1219 2003 συνιδριαζόντων
1246 1933 1284 2007 τη
1307 1944 1364 2006 μκ-

136 2038 220 2122 γάλη
255 2034 411 2120 άγιωσόνη
446 2033 540 2100 αότοό
567 2041 621 2100 καί
647 2047 705 2100 των
728 2035 898 2120 ίιρωτάτων
922 2034 1088 2121 ἀρχιιρόων
1110 2041 1165 2100 καί
1186 2033 1367 2124 όπιρτίμων,

137 2165 191 2220 τοό
212 2153 363 2231 Νικαίας,
397 2164 451 2219 τοό
482 2155 641 2240 Βρύσιως,
675 2163 729 2219 τοῦ
755 2155 959 2241 Χαλκηδόνος
992 2159 1047 2220 καί
1080 2163 1134 2219 τοό
1162 2155 1366 2231 Σωζοπόλιως

137 2280 193 2340 καί
215 2275 255 2360 δη
278 2280 334 2338 καί
356 2283 410 2339 τοό
433 2271 606 2361 όποψηφίου
628 2275 752 2359 Βάρνης
773 2279 803 2354 †.

220 2399 242 2474 †
274 2393 310 2460 Ὅ
331 2397 565 2472 παναγιώτατος
587 2391 674 2477 ἡμῶν
694 2395 855 2478 δτσπότης,
878 2391 895 2456 ό
918 2392 1132 2477 οίκουμτνικός
1163 2399 1366 2482 πατριάρχης,

135 2517 214 2579 θτυό
248 2495 377 2595 τόδυκίσ,
408 2516 463 2575 καί
495 2515 599 2597 χάριτι
632 2511 676 2583 τίς
709 2515 760 2575 τόν
783 2509 900 2597 όβηλόν
922 2517 1221 2597 τῆςπατριαρχτίας
1253 2517 1368 2598 θρόνον

10 2665 11 2678 ¹
136 2631 326 2706 ἀπανιλθάν,
360 2627 418 2694 οόκ
441 2629 596 2694 ἀπαόσατο
619 2632 715 2694 νόκτα
737 2654 769 2694 τι
796 2630 850 2694 καὶ
882 2627 1009 2716 ἡμόραν,
1044 2627 1224 2713 ἀγρυπνίαις
1256 2631 1367 2699 ἑαυτόν

136 2751 247 2823 ἀκδοός
279 2755 335 2814 καί
365 2754 470 2821 πόνοις
502 2749 558 2813 καὶ
595 2753 749 2834 καμάτοις
782 2749 918 2834 ἑτέροις,
951 2759 1010 2814 που
1048 2751 1083 2814 δὲ
1121 2756 1175 2814 καί
1212 2754 1367 2826 κινδόνοις

138 2869 212 2956 ὑπὲρ
227 2882 286 2934 τῶν
302 2870 481 2955 ίκασταχοό
497 2880 551 2955 της
566 2869 748 2955 οίκουμίνης
763 2881 962 2955 χριστιανῶν,
985 2877 1044 2934 ποθ
1060 2873 1116 2954 μὲν
1139 2873 1252 2935 τοότων
1274 2868 1366 2956 όπτρ-

139 2996 309 3076 ιοχόμινυς
342 2989 397 3053 καὶ
430 2990 586 3054 διδάσκων
608 2994 646 3053 τά
669 2992 802 3076 θιοριλη
825 2995 880 3054 καί
901 2991 1079 3076 ψοχωρελη,
1114 2973 1155 3062 ὣς
1177 2991 1270 3068 λόγον
1293 2987 1368 3076 όπόρ

140 3107 240 3175 αότιῐιν
264 3109 442 3184 ἀποδώσων,
465 3118 518 3193 της
542 3109 749 3193 ἀποστολικῆς
772 3107 893 3193 λιιιίνης
915 3114 970 3172 καί
995 3114 1153 3192 μακαρίας
1176 3115 1369 3194 μιμνημίνος

141 3238 252 3315 φωνῆς,
277 3223 337 3312 οὐχ
357 3225 471 3310 ἥκιστα
493 3225 519 3288 δ’
543 3225 575 3290 όν
597 3239 635 3312 τῇ
659 3229 780 3311 μεγάλη
804 3231 900 3312 ταύτῃ
923 3232 978 3290 καί
1001 3227 1138 3309 βασιλίδι
1160 3237 1219 3292 τῶν
1239 3231 1368 3306 πόλτων,

141 3359 179 3431 τη
205 3346 406 3428 θεοδοζάστιρ
424 3343 754 3420 Κωνσταντινουπόλτι,
784 3343 936 3429 προῦργου
957 3348 1070 3417 παντός
1094 3346 1245 3421 λπυιοίτο,
1277 3343 1368 3410 κάσό-

142 3469 229 3550 βτιάν
263 3487 296 3529 τι
329 3468 363 3529 τό
397 3469 540 3549 μόγιστον
563 3464 667 3528 ἀνθεῖν
690 3469 744 3528 καί
775 3466 1048 3550 παρρησιάζεσθαι
1073 3469 1127 3527 καί
1160 3467 1272 3548 ταότην
1305 3476 1371 3537 ταῖς

142 3583 284 3651 ἁπάντων
307 3581 531 3648 λναποκτίσθαι
553 3588 679 3667 ψυχαῖς,
706 3583 774 3646 ἐπεί
796 3587 851 3646 καί
871 3585 972 3667 πηγὴν
993 3579 1049 3645 ιιάὶ
1072 3577 1158 3664 ῥίζαν
1181 3583 1294 3667 ταότην
1316 3593 1371 3670 της

143 3702 302 3787 ιόσιβιίας
324 3709 380 3767 καί
400 3703 538 3789 κτραλην
562 3701 578 3767 ό
601 3705 694 3780 λόγος
717 3701 780 3766 ota·
803 3705 924 3780 καλιῑν,
958 3701 1000 3776 ἀς
1024 3702 1168 3766 ἐνττόθτν
1190 3701 1370 3787 ἑκασταχοῦ

142 3834 197 3910 τῆς
220 3833 279 3886 τῶν
299 3831 483 3907 χριστιανων
506 3829 562 3905 γης
585 3825 868 3907 μεταπτμπορόνης,
892 3819 935 3893 ως
959 3821 995 3884 ἐκ
1017 3831 1119 3906 πηγῆς
1143 3821 1178 3884 τό
1199 3831 1283 3906 νάμα
1316 3826 1371 3886 καί

144 3938 232 4027 βίζης
255 3941 284 4005 οἱ
306 3944 435 4024 βλάστοι
460 3945 515 4005 καί
536 3940 676 4026 κεφαλῆς
697 3937 716 4025 ἡ
740 3949 793 4003 τοῦ
816 3942 925 4003 λοιποῦ
949 3944 1093 4024 σώματος
1116 3942 1271 4012 σόστασις.
1306 3939 1371 4005 οἶδπ

144 4065 214 4144 γάρ,
238 4055 280 4130 ὣς
301 4059 329 4124 τί
350 4069 404 4145 τῆς
426 4055 585 4142 ιόστβτίας
608 4055 687 4121 οότω
708 4059 814 4129 καλῶς
836 4062 891 4122 καί
916 4061 998 4122 κατὰ
1026 4061 1060 4121 τό
1092 4068 1249 4144 προσηκον
1272 4058 1371 4123 ἀνθί-

144 4183 258 4256 ζυνται,
281 4180 376 4262 ταότη
398 4183 453 4242 καί
475 4182 530 4249 τὰς
552 4177 651 4249 ἀλλας
673 4187 731 4241 τῶν
754 4175 869 4260 ἀροτῶν
892 4177 1190 4262 ἀποικοδομησοοσιν
1213 4177 1370 4262 δργασίας,

145 4303 201 4364 καί
222 4301 278 4367 τὰς
300 4303 353 4359 τοῦ
375 4306 481 4360 κοινοῦ
502 4299 650 4381 πολτμίου
673 4299 817 4380 μηχανάς
851 4307 957 4380 κακῶς
980 4293 1194 4382 ἀναφυομίνας
1216 4307 1254 4380 τῇ
1276 4298 1371 4358 δυνά-

10 4411 12 4420 ’
148 4440 198 4502 μοι
220 4425 274 4506 τοό
295 4419 466 4500 πντόρατος
488 4414 661 4500 λκτιμοόσι,
677 4419 732 4478 καί
754 4415 804 4487 τίς·
820 4419 853 4478 τό
870 4417 964 4500 μηδὲν
981 4413 1190 4502 ἀφανίσουσιν.
1212 4420 1268 4480 καί
1283 4423 1372 4481 τοότυ

149 4543 204 4621 μίν
227 4535 324 4610 οὕτως
345 4533 362 4600 ὁ
384 4539 467 4619 παρὰ
489 4537 568 4598 θεοῦ
589 4538 761 4618 προστάτης
788 4543 841 4618 τῆς
869 4532 1039 4618 ἐκκλησίας
1071 4541 1126 4600 καί
1148 4537 1296 4620 κραταιός
1318 4543 1373 4620 της
