3258 5282
1224 317 1286 378 447

85 515 148 573 νος,
180 503 233 560 τού
259 495 541 582 Ποντοηρακλείας,
574 507 628 562 τού
654 496 938 581 Τραϊανουπόλτως,
970 507 1023 561 τού
1048 497 1200 583 Βρύσεως,
1233 508 1286 564 τοῦ

84 615 295 698 Ἀμάστριδος,
318 625 371 679 τού
393 615 519 681 Ῥωσίου
540 620 595 680 καί
616 625 669 680 τού
685 617 865 694 Συυγδαίας,
888 617 1026 701 δηλῶσαί
1048 639 1096 681 σοι
1117 627 1212 682 ταῦτα
1232 618 1288 684 καὶ

83 733 253 820 ἀναμνῆσαί
285 757 320 798 σε
346 740 402 799 καί
427 745 480 820 τῆς
505 745 563 800 τῶν
588 739 682 800 θείων
707 741 769 807 καίΔ
788 735 875 820 ἱερῶν
900 739 1036 799 κανόνων
1057 736 1206 822 διαταγῆς
1230 743 1285 802 καί

82 855 344 938 παρακελεύσεως·
366 858 441 940 φησί
462 857 520 938 γάρ
542 851 559 918 δ
581 857 760 937 τριακοστὸς
780 852 870 925 έκτος
891 855 991 917 κανων
1012 863 1071 916 των
1092 851 1186 932 ἀγίων
1209 853 1287 919 ἀπο-

83 973 196 1036 στόλων
218 967 329 1036 οὑτωσί
350 975 430 1034 κατά
452 965 545 1057 ῥῆμα·
568 971 618 1049 ,,εἵ
629 994 675 1045 τις
689 973 919 1056 χειροτονηθείς
939 968 1102 1044 έπίσκοπος
1124 974 1165 1058 μη
1187 993 1287 1037 κατα-

82 1087 212 1172 δέχηται
232 1090 285 1173 την
306 1089 493 1172 λειτουργίαν
515 1094 569 1153 καί
590 1091 644 1173 την
665 1089 809 1174 φροντίδα
830 1096 884 1151 τού
904 1089 982 1151 λαού
1004 1089 1058 1173 την
1080 1087 1285 1174 ἐγχειρισθεὶ-

81 1227 136 1269 σαν
150 1205 242 1289 αύτῷ,
263 1216 368 1272 τοῦτον
383 1205 591 1292 ἀφωρισμένον
605 1209 774 1292 τυγχάνειν,
796 1204 855 1279 δως
870 1205 906 1271 ἀν
921 1207 1164 1292 καταδέξηται·“
1185 1225 1284 1292 συνφ-

83 1321 122 1386 δά
152 1325 248 1406 τούτῳ
274 1329 373 1388 τοίνυν
402 1327 457 1387 καί
484 1322 500 1387 ό
531 1334 586 1410 τῆς
614 1323 645 1388 έν
666 1324 841 1409 Ἀντιοχείᾳ
865 1325 993 1388 συνόδου
1021 1324 1066 1410 ιη’,
1084 1324 1141 1388 ’ότι
1167 1329 1202 1402 γύ
1228 1327 1288 1410 μην

82 1445 134 1506 καί
156 1441 173 1505 ό
196 1452 249 1528 της
272 1443 484 1529 οὶκουμενικῆς
509 1443 534 1516 ς’
558 1446 686 1508 συνόδου
713 1443 770 1518 λζ’,
797 1441 941 1516 ύισαύτως
965 1447 1020 1506 καὶ
1045 1441 1063 1506 δ
1088 1452 1142 1528 τῆς
1168 1448 1288 1529 πρώτης

82 1564 136 1622 καί
159 1562 302 1645 δευτέρας
324 1563 451 1624 συνόδου
472 1559 694 1633 ἑκκαιδέκατος
718 1559 773 1625 καὶ
799 1559 891 1646 ὁτῆς
912 1560 1123 1646 οίκουμπνικῆς
1144 1562 1289 1644 δευτέρας

86 1679 212 1742 συνόδου
234 1681 373 1763 δεύτερος
388 1683 567 1766 φθέγγεται,
587 1678 624 1743 ἵν’
640 1679 780 1744 έντεύθεν
803 1683 910 1764 μάθης
923 1681 1167 1776 θεληματαίνων,
1190 1677 1289 1764 ὁπόση

84 1819 132 1860 σοι
154 1796 278 1882 ἀνάγκη
300 1797 466 1883 δεηρτηται
485 1795 554 1882 παρ’
578 1795 675 1862 αὐτῶν
697 1808 755 1861 τῶν
775 1799 869 1862 θείων
889 1801 943 1860 καὶ
967 1795 1053 1881 ἱερῶν
1079 1801 1214 1861 κανόνων
1235 1801 1290 1862 καί

87 1917 284 1994 δεεξέλευσις,
312 1918 354 2002 μὴ
374 1921 618 2001 προαιρουμένῳ,
645 1919 723 2002 μηδὲ
745 1912 878 1994 εόλύγως
904 1915 1111 2002 ἀπειργομένιρ
1136 1920 1211 2001 πράς
1234 1918 1289 2002 τήν

83 2045 134 2118 τῆς
155 2045 213 2119 σῆς
236 2036 407 2120 λκκλησίας
428 2035 536 2122 άφιξιν·
559 2035 587 2099 εί
607 2040 666 2120 γὰρ
688 2035 772 2119 έχεις
798 2036 1011 2119 προβαλέσθαι
1037 2035 1090 2118 την
1111 2036 1289 2120 τυραννικὴν

84 2157 203 2239 γνώμην
225 2161 280 2217 τού
295 2153 488 2230 Κσλοθέτοο,
512 2154 593 2220 ύστιν
607 2151 627 2239 ἡ
641 2153 710 2220 Νέα
724 2152 826 2238 Ῥύμη
841 2157 992 2238 χρήσιμον
1006 2159 1060 2217 καί
1075 2151 1196 2237 ἄριστον
1209 2173 1288 2217 κατ-

86 2275 219 2357 άνεημα,
247 2271 291 2342 εὶς
316 2271 367 2357 ἣν,
390 2273 471 2356 εἴπερ
493 2275 679 2357 βουληθείης
705 2276 806 2355 μόνον,
829 2272 949 2355 μέλλεις
970 2270 1106 2357 εὑρήσειν
1129 2270 1291 2356 ἀξίαντὴν

84 2385 237 2474 ἀποδοχὴν
269 2393 323 2452 καὶ
354 2387 474 2453 ἐκεῖθεν
498 2393 588 2454 πάλιν
616 2391 756 2473 ἀλλαχοῦ
782 2387 825 2460 τίς
850 2399 951 2452 πάσαν
977 2389 1030 2472 την
1058 2389 1203 2473 περιοχὴν
1235 2395 1289 2454 καί

84 2508 280 2592 διακράτησιν
302 2515 356 2591 της
378 2504 549 2593 ἁγιωτάτης
572 2510 787 2594 μητροπόλεως
809 2505 955 2590 Σμύρνης,
977 2507 1096 2570 πολλῶν
1122 2510 1177 2569 καί
1210 2504 1287 2570 ἀνα-

85 2627 239 2711 ριθμήτων
260 2622 352 2688 όντων
374 2635 432 2688 τῶν
454 2625 485 2688 δν
508 2623 584 2712 αύτη
607 2634 797 2710 χριστιανῶν.
826 2620 901 2686 ὅθεν
922 2628 976 2686 καί
1000 2626 1166 2695 συνοδικως
1187 2645 1288 2708 παρα-

84 2742 234 2828 δηλούμεν
255 2753 293 2828 τῇ
315 2753 355 2826 σῇ
377 2741 507 2829 ἱερύτητι
528 2745 580 2808 διά
601 2753 655 2828 της
675 2743 831 2826 παρούσης
852 2739 1006 2827 έγγράφου
1024 2743 1289 2825 παρακελεύσεως,

86 2857 125 2931 ὃς
154 2863 276 2944 πρωτης
300 2859 362 2947 ἤδη
387 2863 586 2945 λογιζομένης
611 2861 828 2942 καὶδευτέρας
852 2863 907 2922 καὶ
933 2855 1077 2943 ύστάτης,
1109 2856 1150 2929 ὥς
1176 2859 1204 2922 εἰ
1226 2863 1290 2944 μὲν,

85 2977 247 3062 δεξάμενος
268 2981 388 3062 ταύτην,
410 2978 541 3062 έξέλθρς
556 2979 593 3042 έκ
612 2987 664 3041 τοῦ
681 2975 729 3042 ἀπ’
739 2976 885 3041 ἀντεύθεν
906 2988 964 3041 τῶν
980 2974 1100 3054 αύτύθι,
1114 2981 1169 3040 καί
1190 2997 1290 3041 κατα-

88 3094 183 3180 λάβης
206 3095 252 3167 εἰς
273 3097 327 3180 την
347 3097 507 3180 λαχούσάν
528 3117 564 3161 σε
587 3093 765 3179 λκκλησίαν,
789 3093 822 3158 τό
845 3093 881 3159 ἂν
904 3095 974 3180 έχοι
994 3099 1048 3158 καί
1069 3095 1161 3171 λόγος
1182 3092 1292 3167 ούδείς.

89 3213 114 3276 τί
128 3213 154 3277 δ’
178 3212 241 3291 οὖν,
264 3214 331 3299 ἔχει
352 3237 388 3280 σε
410 3212 430 3299 ἡ
453 3218 610 3298 μετριότης
631 3211 717 3298 ἡμων
739 3217 843 3297 γνώμη
858 3218 913 3277 καί
937 3217 1026 3299 ψηφιρ
1048 3225 1106 3276 των
1128 3211 1292 3296 εἰρημένων

87 3329 249 3413 ίερωτάτων
272 3331 437 3418 ἀρχιερέων
460 3331 552 3415 ἀργόν
575 3333 723 3405 καθάπαξ
743 3339 865 3416 ταύτης
891 3330 1061 3415 ἁγιωτάτης
1077 3333 1292 3415 μητροπόλεως

90 3447 226 3535 Σμύρνης
247 3449 398 3534 όνόματος
419 3453 474 3512 καί
495 3459 549 3532 της
576 3447 718 3512 όντεόθεν
743 3446 957 3533 ύπιγενομένης
986 3470 1035 3511 σοι
1062 3446 1160 3522 ἀξίας,
1189 3450 1292 3530 μέλλει

89 3567 120 3632 δό
150 3575 204 3633 καί
239 3567 306 3632 ἀντί
339 3588 394 3632 σου
426 3553 700 3650 χειροτονήσεσθαι
724 3564 828 3650 έτερος
854 3566 1004 3650 Σμύρνης,
1038 3562 1116 3628 ὥστε
1148 3563 1293 3628 ἀπελθεῖν

90 3683 183 3751 ύκτῑσε
218 3686 261 3758 εἰς
286 3683 442 3768 ἐπίσκεψιν
469 3694 521 3748 τού
549 3683 580 3747 ἐν
607 3681 683 3770 αὕτη
716 3681 932 3770 εὑρισκομένου
964 3685 1171 3767 χριστωνύμου
1204 3686 1291 3748 λαοῦ.

90 3803 195 3888 διάδὴ
220 3806 255 3867 τό
275 3806 508 3887 περιαιρεθῆναι
527 3813 629 3868 πάσαν
650 3809 799 3891 πρόφασιν
821 3808 875 3867 καί
897 3802 994 3866 αὶτίαν
1015 3813 1069 3866 τού
1092 3804 1133 3887 μή
1149 3803 1293 3868 ἀπελθεῖν

91 3922 140 4004 την
161 3921 305 4006 ἱερότητά
326 3943 382 3985 σου
402 3924 476 4004 πρός
497 3923 550 4006 την
570 3922 651 3986 ἰδίαν
674 3925 842 4008 έκκλησίαν
870 3918 976 4006 αύτης,
1004 3919 1070 4005 ἅμα
1097 3927 1151 4004 μέν
1174 3921 1295 3997 ἀξιώσει

92 4049 143 4102 τῶν
174 4042 375 4126 δηλωθέντων
408 4039 573 4123 ἱερωτάτων
601 4040 764 4124 ἀρχιερέων
792 4043 991 4122 χρησαμένων
1016 4042 1092 4122 πρὸς
1124 4043 1176 4124 τὴν
1208 4037 1294 4123 ἡμῶν

94 4163 283 4242 μετριότητα,
310 4156 376 4242 ἅμα
397 4161 431 4221 δέ
454 4161 508 4222 καί
530 4157 580 4245 ἀφ’
606 4157 716 4242 έαυτῆς
738 4160 901 4241 κινηθεῖσα
927 4156 982 4220 καὶ
1007 4169 1044 4242 τη
1070 4163 1137 4242 περὶ
1164 4160 1217 4242 τήν
1239 4158 1294 4239 σην

93 4271 226 4362 ἱερότητα
246 4278 415 4362 κηδεμονία
436 4277 479 4349 εἰς
501 4285 589 4341 τούτο
612 4278 830 4351 συνελαθείσα,
860 4277 1031 4360 παραδηλοῖ
1053 4281 1157 4360 ταύτῃ,
1181 4274 1222 4346 ὣς
1245 4273 1292 4348 ἀν,

95 4390 168 4478 εῐπτρ
188 4405 248 4458 τῶν
269 4394 425 4478 δυσχερῶν
447 4395 532 4460 δοκεῖ
552 4403 650 4470 τούτο,
673 4396 707 4455 τὸ
728 4396 803 4475 πρός
825 4395 878 4477 τὴν
893 4393 1027 4458 Φώκεαν
1050 4393 1220 4479 ἀφικέσθαι
1240 4394 1295 4452 καὶ

96 4505 123 4569 ὗν
143 4509 217 4598 αότῇ
240 4515 275 4577 τό
296 4515 478 4596 κατάντημα
493 4513 592 4597 ἔχειν,
608 4513 690 4595 λάβη
712 4533 731 4594 η
748 4509 865 4594 ἱερότης
887 4533 943 4574 σου
965 4513 1018 4595 την
1039 4513 1211 4594 σεβασμίων
1233 4529 1293 4590 μο·
