3258 5282
1244 317 1307 380 m

92 499 243 588 δκίκρισιν
268 507 322 570 καί
348 499 488 588 τόνομίαν
516 511 568 567 τοῦ
593 511 757 589 κρατίστου
782 507 835 566 καί
862 503 951 581 άηίου
978 525 1035 586 μου
1068 498 1303 584 αὐτοκράτορος,

90 626 287 707 προμήθειαν
309 629 501 708 ποιησσμίνη
522 621 576 686 κάί
599 621 675 708 αότή
697 633 750 687 τοῦ
773 626 908 686 τοιούτου
933 622 1095 706 ίιριοτάτοο
1118 620 1304 706 μητροπολί-

89 759 142 804 τυυ
165 737 297 822 Λιτβιῦν,
320 753 376 825 κῦρ
397 740 567 826 Ῥαμανοῦ,
582 745 740 827 προβάσης
760 746 814 804 καί
839 742 944 824 ίτίρας
970 743 1132 826 συνοδικής
1156 741 1302 822 πράξεως,

90 857 132 928 ἀς
155 859 194 922 ἀν
218 858 235 922 6
258 867 313 944 μίν
335 861 495 945 ίτρώτατος
517 863 740 945 μητροπολίτης
759 860 879 940 Κυίβου
901 865 955 923 καί
973 863 1075 942 πάσης
1089 857 1226 932 Ῥοισίας,
1248 865 1306 938 κῦρ

91 975 243 1054 Ἀλίξιος,
266 977 447 1062 ἐπιλάβηται
468 982 522 1042 καί
543 983 689 1062 κατάσχῃ
711 978 812 1042 πᾶσαν
834 979 888 1062 τήν
910 975 956 1042 ὑπ’
980 975 1204 1058 αδτόνάνορίαν
1227 975 1305 1057 μετὰ

92 1099 147 1156 καί
170 1105 231 1157 τῶν
254 1097 287 1157 δν
310 1091 387 1180 αὐτῇ
409 1095 579 1160 ἀποσκοπῶν
599 1095 810 1180 ἀνενοχλήτιυς
824 1100 1013 1160 παντάπασιν
1027 1101 1081 1157 καί
1096 1093 1306 1166 ἀδιαστίστιος,

92 1211 148 1274 καὶ
182 1207 273 1274 οόδίν
307 1210 433 1296 εδρίσκη
464 1217 547 1298 παρὰ
579 1223 633 1276 τοῦ
658 1213 820 1296 ἱερατάτου
850 1214 1072 1297 μητροπολίτυυ
1098 1211 1227 1290 Λιτβιῦν,
1249 1216 1306 1290 πῦρ

93 1326 265 1412 Ῥωμανοῦ,
288 1330 335 1393 ἀτί
356 1343 394 1416 τῇ
414 1343 537 1416 κατοχῇ
557 1337 611 1395 καί
638 1333 808 1416 διεξαηωηι]
830 1337 884 1395 καί
898 1333 1048 1416 διοικήσει
1073 1342 1126 1415 τῆς
1148 1329 1309 1412 εἰρημόνης

92 1445 216 1530 δνορίας
238 1458 292 1532 ιής
316 1450 529 1533 μητροπόλεως
550 1449 670 1531 Κυίβυυ
697 1454 773 1532 μετά
798 1461 903 1514 πασῦν
929 1459 987 1512 τιῦν
1015 1451 1187 1513 ἀποσκοπῶν
1214 1442 1307 1510 αὐτοῦ

96 1565 149 1647 τήν
174 1575 330 1650 τυχοῦσαν
356 1567 615 1636 παταδυναστείαν
641 1565 661 1652 ή
688 1567 844 1651 ἀκήρατον,
874 1566 1063 1651 ἀρκουμόνυυ
1091 1574 1144 1630 τοῦ
1169 1565 1307 1628 τοιοότυο

93 1679 258 1764 ίεριιτάτυυ
280 1685 501 1767 μητροπολίτου
522 1683 652 1764 Λιτβῦν,
678 1693 734 1768 κῦρ
749 1683 916 1767 Ῥωμανοῦ,
939 1684 982 1755 τίς
1004 1683 1076 1767 δπορ
1100 1679 1182 1765 αὐτῷ
1207 1680 1306 1764 ἀδόδη

95 1802 244 1884 συνοδικη
266 1803 429 1877 διαγνώσει
451 1801 576 1864 δνοίπιον
598 1809 651 1882 τῆς
673 1799 758 1886 ἡμῶν
774 1805 967 1884 μετριότητος
993 1798 1127 1882 ὕστερον,
1149 1796 1190 1869 ὣς
1212 1799 1306 1880 δεδή-

96 1918 200 1993 λιοται,
225 1916 456 2002 ἀμπεδιοῦιίσης
478 1928 533 2002 της
553 1923 694 1995 τοιαύτης
715 1923 850 2001 πράξειας
871 1929 909 2001 τῇ
935 1917 971 1980 ia
992 1929 1050 1980 τιῦν
1072 1921 1165 1979 θείων
1186 1919 1240 1978 καί
1261 1915 1306 1976 δι-

96 2045 152 2115 ριον
174 2039 316 2098 κανόνων
332 2035 529 2120 ἀπηρτημένῃ
556 2039 710 2120 καταδίκη
732 2048 794 2108 τοῖς
817 2037 1017 2118 ἀνατρίπουσι
1038 2039 1177 2108 τούτους,
1204 2033 1253 2104 όντ-
1271 2033 1308 2096 ἀν

98 2148 179 2222 δστις
200 2151 237 2226 ἀξ
259 2153 435 2238 ἀμφοτίρονν
459 2155 500 2236 μή
516 2152 708 2239 ἀρησυχάζη,
730 2154 918 2237 ἀρτυόμενος
939 2155 981 2236 τῷ
995 2155 1098 2235 οἰκείῳ
1113 2154 1232 2234 δικαίῳ,
1254 2157 1310 2214 καί

99 2267 220 2352 εἰρήνην
244 2270 305 2354 όχη
327 2269 372 2341 εὶς
393 2270 510 2346 δαυτόν,
533 2269 575 2342 ἀις
595 2269 613 2335 6
634 2280 687 2334 τοῦ
708 2277 813 2353 κυρίου
832 2273 973 2352 βυόλιται
988 2275 1080 2353 νόμος
1094 2274 1148 2332 καί
1163 2272 1196 2332 τό
1213 2269 1310 2346 ἀπάγ-

99 2387 208 2468 ηιλμα,
231 2391 286 2450 καί
307 2391 416 2458 ποδός
438 2386 501 2451 ἔστι
521 2390 654 2471 μάλιστα
669 2386 866 2473 δρτιλόμενον
881 2399 942 2460 τοις
956 2391 1160 2471 πνευματικήν
1173 2405 1308 2470 προστα-

101 2508 167 2564 σίαν
195 2507 339 2588 λαχοῦσι,
365 2509 444 2588 μετὰ
470 2507 523 2590 τήν
545 2509 687 2590 τοιαῦτην
716 2509 874 2590 σονοδικήν
897 2509 1059 2585 διάηνιυσιν
1079 2509 1183 2590 πρᾶξίν
1205 2526 1237 2567 τι
1258 2507 1312 2566 καί

100 2625 298 2697 κατάστασιν,
322 2621 404 2684 ἀλλά
424 2627 552 2708 χωρήσῃ
569 2623 613 2694 εἰς
632 2622 780 2708 ἀδότησιν
799 2622 937 2688 ὁπωσοῦν
951 2627 1073 2708 ταύτης,
1096 2628 1149 2686 καί
1171 2623 1311 2705 τολμήσῃ

99 2745 180 2820 παρὰ
202 2743 256 2824 τήν
280 2739 403 2824 ἀνομίαν
421 2737 513 2804 αὐτοῦ
536 2745 765 2824 διαπράξασθαί
786 2766 815 2806 τι
837 2741 1051 2826 ἀρχιτρατικδν
1074 2742 1092 2826 ή
1116 2742 1268 2824 ἱερατικὸν
1291 2739 1311 2824 ή

102 2856 357 2942 ἐκκλησιαστικὸν
379 2857 458 2932 ὅλοις
479 2859 528 2923 ἀπί
546 2859 704 2946 ἀνατροαή
726 2871 780 2944 τής
802 2860 1062 2945 ὲκκλησιαστικῆς
1083 2863 1312 2939 καταστάσιος,

102 2974 141 3046 ιὐς
162 2977 304 3042 ἐντεῦθεν
325 2983 577 3064 παρεισαχόήναι
598 2981 687 3043 πάλιν
713 2981 873 3043 σκάνδαλα
902 2985 956 3042 καί
983 2979 1143 3062 δχλήσεις,
1170 2976 1187 3040 6
1210 2986 1312 3040 τοιοῦ-

103 3114 151 3164 τος
172 3095 260 3168 ἀξίαν
283 3093 485 3180 ἀποστήσεται
507 3100 560 3180 τήν
582 3100 746 3180 κανονικήν
773 3105 918 3180 τιμωρίαν
945 3102 999 3159 καί
1022 3096 1210 3170 ὲπτξίλευσιν
1223 3099 1314 3176 παρὰ

104 3221 153 3293 τῆς
180 3213 266 3296 ἡμῶν
294 3218 486 3299 μετριότητος
513 3221 567 3278 καί
594 3225 648 3297 τῆς
674 3214 742 3296 περὶ
764 3211 856 3297 αιἰτήν
879 3218 970 3286 θείας
992 3219 1046 3276 καί
1070 3214 1153 3296 ἱερᾶς
1176 3213 1314 3286 συνόδου,

106 3325 143 3397 ὣς
166 3328 323 3414 ἀδετητής
344 3336 399 3392 καί
422 3332 542 3394 ἐναντία
565 3342 679 3416 φρονῶν
702 3343 739 3415 τη
762 3329 837 3412 ἀχίη
859 3341 911 3394 τοῦ
935 3332 1065 3414 Χριστοῦ
1087 3332 1247 3412 καδολικη
1262 3333 1314 3392 καί

106 3443 293 3532 ἀποοτυλική
316 3449 469 3532 ἐκκλησία
489 3455 543 3513 καί
565 3452 749 3533 βουλόμενος
773 3450 913 3527 ἐντεῦθεν
936 3452 1081 3532 σῦηχυσιν
1103 3454 1156 3512 καί
1179 3449 1317 3530 ταραχήν

105 3563 156 3626 καὶ
177 3570 299 3650 ρδοράν
321 3569 471 3650 προξενεῖν
494 3571 535 3650 τῷ
556 3578 612 3634 τῶν
634 3567 754 3630 Ῥιόσιυν
776 3569 974 3652 χριστιανικιρ
988 3572 1077 3644 χὲνει.
1102 3565 1183 3629 ἀλλὰ
1205 3567 1317 3627 τούτων

110 3679 182 3746 υδτοι
204 3691 376 3768 χενομὲνυιν
397 3691 452 3748 καί
474 3685 761 3762 ἀποκαταστάντων,
784 3687 818 3748 δν
841 3688 958 3770 τίρηται
972 3691 1090 3768 τρόπον,
1113 3683 1130 3748 6
1153 3688 1206 3766 μὲν
1229 3681 1318 3764 ἱερεί-

109 3819 191 3874 τατος
214 3806 441 3889 μητροπολίτης
454 3804 575 3886 Κυίβυυ
591 3809 644 3868 καί
665 3809 766 3888 πάσης
782 3805 920 3880 Ῥοισίας,
948 3803 965 3868 6
986 3815 1044 3886 κῦρ
1067 3803 1213 3878 Ἀλδίιος,
1236 3799 1318 3884 ⁶696·

110 3937 209 3983 οκεται
230 3928 314 3985 κατὰ
334 3927 433 3986 πάντα
447 3925 629 4006 πειθόμενος
644 3935 704 3994 τοῖς
719 3925 937 4001 διαγνωσθεῖσι
952 3923 1128 3996 συνοδικιῦς,
1145 3919 1161 3984 6
1177 3923 1210 3984 δὲ
1228 3920 1317 4002 ἱερώ-

112 4054 194 4108 τατος
207 4041 443 4124 μητροπολίτης,
466 4049 524 4123 κῦρ
540 4040 702 4124 Ῥωμανός,
726 4039 761 4105 οὔ
778 4045 869 4125 μόνον
893 4040 1093 4124 ἀξτρχόμσνος
1108 4051 1169 4102 τιῦνΙ
1181 4037 1318 4102 ἐνταῦθα

111 4147 242 4240 ἠθέλησε
276 4159 379 4237 λαβιιν
406 4162 572 4242 γράμματα
599 4169 652 4242 τῆς
678 4155 764 4243 ήμῶν
791 4163 985 4242 μττριότητος
1015 4157 1058 4228 τίς
1090 4163 1233 4221 πίστοισιν
1266 4161 1321 4219 καί

119 4264 281 4356 ἀσφάλειαν
309 4285 367 4352 τῶν
398 4272 493 4348 οδτους
520 4276 770 4361 ἀποφανδίντυιν,
809 4275 877 4339 οὔτε
904 4278 956 4358 τήν
985 4273 1185 4361 ὀφειλομένην
1207 4270 1320 4337 ὑποτα-

120 4389 168 4469 ίήν
188 4389 384 4466 ἀνδτίξασδαι
406 4395 448 4466 εἰς
470 4398 523 4480 τήν
544 4393 630 4480 ήμῶν
646 4400 836 4478 μετριότητα,
864 4393 931 4457 ἀλλ’
959 4394 1055 4458 ἀπιιδν
1078 4392 1178 4478 ᾤχετο
1202 4394 1245 4462 τίς
1268 4395 1322 4475 τήν

119 4501 271 4588 λαχοῦσαν
293 4506 395 4587 αὐτόν,
417 4511 546 4576 κάκεῖσε
567 4517 827 4596 παραγενόμενος,
851 4511 892 4585 ὣς
915 4511 1075 4596 ἀνηνόχδη
1099 4523 1136 4596 τη
1158 4509 1242 4596 ἡμῶν
1266 4531 1321 4593 με·
