3258 5282
281 249 345 316 376

281 435 337 498 καί
362 437 415 518 τήν
448 431 570 518 ἀγάπην
595 441 651 496 καί
681 426 895 516 δμόνοιαν,’ύις
921 432 1045 516 ἀμαχον
1069 429 1166 514 Ιύιτλον
1196 436 1359 496 κατὰ-,τοί
1395 429 1527 514 ἐχθροῦ

280 557 522 638 παραφέροντας,
545 554 723 617 συνδείσθαι
746 551 809 636 μετ’
833 551 974 637 ἀλλήλων
997 554 1039 635 τῷ
1060 553 1221 634 συνδέσμῳ
1244 561 1299 614 τοῦ
1322 554 1530 632 πνεύματος,

282 675 337 734 καί
359 671 402 742 τίς
424 675 495 754 μίαν
518 675 711 748 συνάγεσθαι
733 674 785 756 τήν
808 671 936 756 ύνότητα
958 670 997 734 δι’
1020 668 1128 746 αύτού,
1147 675 1205 746 καὶ
1228 673 1378 753 μάλιστα,
1408 669 1444 732 εὶ
1473 670 1529 732 τύ·
1613 728 1615 743 ,

283 809 368 872 χυιεν
382 786 474 868 υύτυι
496 793 639 874 σύστημα
660 791 815 871 κοινοβίου
839 789 1084 875 ἀναπληροῦντες
1109 789 1153 862 είς
1179 791 1270 862 δόξαν
1296 795 1353 854 καὶ
1383 789 1529 854 ἔπαινον

283 916 339 969 τού·
357 909 457 970 πάντα
477 909 582 986 καλῶς
603 911 658 971 καί
678 913 841 994 πανσόφως
866 909 1101 991 οἰκονομοῦντες
1127 910 1217 970 θευό.·
1242 907 1270 970 ἐἰ
1297 913 1356 990 γὰρ
1382 903 1433 970 ,ού
1466 906 1533 968 τίσι

283 1023 380 1109 δόοή
403 1037 479 1106 τρεῖς
501 1025 754 1110 συνηγμίνυιέπί
775 1027 819 1110 τηῐ
840 1025 967 1110 δνόματι
989 1029 1109 1102 τούτου,
1137 1031 1232 1109 μέσος
1256 1029 1389 1107 πάρεστι
1425 1023 1532 1094 αύτάς

283 1140 300 1206 ό
329 1144 418 1217 θεός,
449 1139 485 1205 ού
500 1213 502 1218 ,
515 1143 682 1207 ιίσικατά
707 1147 760 1207 τόν
786 1142 893 1228 ὅμοιον
919 1147 1029 1228 τρόπον
1055 1145 1163 1207 πολλοί
1177 1181 1179 1185 -
1194 1143 1250 1208 καὶ
1278 1142 1354 1208 καθ’
1383 1141 1534 1229 ἡλικίαν

283 1260 435 1344 διάφοροι,
458 1257 515 1324 υδκ
537 1259 630 1334 αύτύς
648 1257 749 1340 ούτος,
773 1263 816 1340 τίς
838 1267 932 1346 μέσον
946 1263 1170 1347 παραληφθείς,
1192 1265 1295 1327 συνδεῖ
1312 1268 1367 1326 καί
1382 1266 1533 1339 συνάγει

283 1382 339 1448 τὰς
353 1378 499 1460 διανοίας.
518 1377 617 1443 αύτιῖιν
638 1363 693 1458 καί
710 1382 760 1452 ,τίς
785 1384 838 1467 τήν
867 1377 963 1452 υύτως
989 1390 1041 1444 τού
1068 1381 1167 1444 καλου
1194 1387 1266 1464 μίαν
1292 1392 1407 1458 γνῶσιν
1442 1379 1532 1456 ένοις
1622 1439 1623 1442 ,

283 1501 373 1560 σαντί
393 1517 451 1559 που
477 1498 585 1586 δῆλον,
612 1505 667 1564 καί
689 1504 748 1583 γὰρ
769 1497 870 1582 ὥσπερ
892 1503 948 1570 τὰς
966 1499 1085 1570 πολλὰς
1110 1503 1164 1562 καί
1185 1501 1350 1585 διαφόρους
1371 1504 1529 1583 γνώμας,

285 1611 328 1694 ἀς
349 1614 478 1701 ἔφημεν,
500 1615 520 1702 ή
545 1616 649 1701 ἀγάπη
671 1615 766 1702 καὶὴ
790 1615 918 1701 ὁμόνοια
940 1623 1012 1700 μίαν
1033 1621 1087 1680 καί
1113 1616 1211 1701 ἁπλῆν
1234 1618 1347 1701 σχεδόν
1369 1615 1531 1700 ἀπεργά-

271 1737 380 1824 Ιζεται,
403 1737 454 1796 τόν
477 1732 569 1798 αὐτόν
591 1737 630 1820 δή
645 1757 703 1799 που
725 1739 834 1818 τρόπον
855 1739 909 1798 καί
924 1733 949 1821 ή
973 1739 1083 1808 στιίσις,
1100 1740 1155 1798 καί
1178 1737 1211 1798 τό
1234 1745 1289 1819 τῆς
1310 1739 1443 1820 γνώμης
1469 1756 1531 1821 φι-

285 1851 424 1914 λόνεικον
446 1857 484 1915 τὰ
511 1853 586 1927 τέως
612 1851 753 1938 ήνωμένα
778 1859 963 1937 κατατέμνει
988 1859 1043 1918 καί
1067 1855 1184 1936 διασπᾷ
1211 1859 1265 1916 καί
1291 1865 1410 1935 κακῶς,
1427 1855 1528 1916 διαι-

287 1980 344 2052 ρεῖ·
370 1969 468 2033 ἔνθεν
482 1992 529 2044 τοι
550 1976 605 2034 καί
625 1969 721 2056 ἡμεῖς,
744 1975 797 2057 τήν
819 1982 873 2057 τῆς
895 1972 1116 2056 ,υίκυυμενικῄςι
1130 1969 1301 2054 ἐκκλησίας
1318 1976 1529 2052 προστασίαν

287 2085 551 2172 έγκεχειρισμένρι
571 2095 656 2174 παρὰ
678 2095 765 2167 θεοῦ,
788 2093 840 2154 διά
867 2093 1025 2176 φροντίδος
1048 2093 1224 2174 μοιούμεθα
1250 2093 1284 2153 τό
1311 2088 1461 2174 ἐμμένειν
1488 2088 1526 2153 ὲν

287 2212 406 2284 τούτοις
428 2207 634 2292 ἀπαραβοίτως
659 2213 730 2282 τούς
756 2211 787 2273 ὲν
804 2223 882 2284 ,ταῖς
902 2212 1097 2294 σεβασμίαις·
1111 2212 1216 2292 μογαῑς
1243 2221 1301 2273 τῶν
1328 2208 1525 2294 ἑκασταχοῦ

289 2340 396 2412 χωρῶν
419 2351 451 2391 τε
477 2334 532 2392 καί
550 2327 693 2406 ’τόλεωνρ
715 2331 760 2398 ότι
788 2332 822 2392 δέ
850 2327 927 2414 δρῶν
955 2327 1164 2412 ἀσκουμένους
1185 2332 1239 2392 καί
1259 2330 1314 2412 τήν
1337 2331 1526 2414 μοναχιιιήν

288 2449 443 2518 πολιτείαν
465 2445 626 2521 ὁδεύοντας
648 2453 766 2512 πόντων
781 2447 824 2524 ,ἐκ
844 2454 944 2532 μέσου
966 2449 1134 2526 γεγονότων
1155 2458 1214 2514 τῶν
1236 2449 1351 2532 μεταξύΙ
1368 2450 1522 2511 σκανδά-

288 2567 349 2627 λων
370 2572 425 2628 καί
447 2571 592 2631 στάσεων.
621 2567 662 2650 τιβ
687 2569 769 2650 λόγῳ
796 2567 872 2650 τῷδε
900 2571 1029 2644 σκοπός,
1056 2565 1097 2636 ὣς
1123 2571 1180 2648 πρό
1205 2569 1287 2644 τινος
1311 2564 1374 2650 ἤδη
1400 2573 1521 2649 καιροῦ

291 2689 460 2770 φθάνουσιν
483 2686 512 2748 υί
534 2685 567 2750 έν
589 2699 627 2768 τη
649 2691 731 2756 κατὰ
753 2689 786 2749 τό
808 2684 919 2762 Ἅγιοι
941 2686 1037 2768 Ὄρος
1058 2695 1112 2748 τού
1132 2684 1226 2760 Ἄθω
1250 2685 1432 2767 διακειμένη
1457 2707 1520 2748 σε·

291 2805 409 2885 βασμίη
436 2816 514 2888 μονή
545 2817 602 2867 τῶν
634 2804 755 2888 Ἰβήρων
788 2803 972 2886 ἀσκούμενοι
1000 2807 1133 2886 μοναχυὶ
1164 2805 1344 2886 κινήσαντες
1370 2803 1521 2880 διτνέξεις

292 2919 355 3002 μετ’
379 2921 519 3006 ἀλλήλων
542 2927 612 3004 περί
639 2945 670 2993 τε
696 2923 948 3006 τήςκαθολικής
974 2921 1228 3006 έκκλησίαςτής
1252 2923 1395 3004 τοιαύτης
1414 2931 1521 3004 μονῆς

292 3045 346 3102 καί
372 3047 438 3122 ταρί
468 3061 554 3104 τινων
571 3041 685 3107 Ιἄλλων
716 3040 760 3112 είς
786 3041 912 3114 ἀταξίαν
938 3045 992 3103 καί
1018 3039 1172 3124 ἀκοσμίαν
1198 3035 1518 3126 ἀφυρύντοιναδπής,

292 3157 334 3230 ὡς
353 3170 416 3223 τῶν
435 3160 557 3243 Ἰβήρων
579 3160 616 3222 έκ
639 3183 671 3223 τε
693 3169 747 3244 τῆς
769 3150 923 3245 συνήθους
943 3155 1011 3244 περὶ
1037 3163 1074 3223 τὰ
1101 3159 1185 3223 καλὰ
1212 3157 1359 3242 ἀμελείας
1381 3166 1436 3224 καί
1460 3170 1518 3245 τῆς

291 3276 470 3361 δλιγότητος
492 3279 603 3340 τούτων
624 3283 678 3340 καί
696 3277 946 3362 ἀνεπιστημόνυυ
972 3277 1157 3348 ἐπιστασίας
1178 3276 1431 3360 ἀντιποιουμένων
1459 3283 1518 3360 μέν

292 3405 346 3478 τῆς
367 3396 509 3456 καθόλου
532 3394 631 3479 ἀρχῆς
653 3407 705 3480 τῆς
729 3406 822 3480 μονῆς
843 3395 898 3458 καὶ
919 3405 972 3467 Ιτού
995 3396 1189 3479 δηλωθέντυς
1207 3397 1297 3458 θείου
1312 3405 1397 3472 ναού,
1422 3392 1515 3458 ούδὲν

294 3517 395 3595 μέντοι
418 3511 550 3596 ύχόντων
573 3513 676 3576 ἱκανόν
699 3512 730 3574 ὲν
754 3510 829 3597 αὐτή
852 3515 1094 3596 διαπράξασθαι,
1118 3511 1185 3576 ἀλλ’
1213 3513 1256 3583 εὶς
1279 3514 1413 3596 παντελῆ
1438 3515 1515 3594 έρή-

294 3651 387 3712 μωσιν
415 3633 606 3715 βουλομένων
635 3633 745 3712 ταύτην
773 3626 940 3708 ἀπαγαγεῖν
969 3632 1021 3693 διὰ
1038 3622 1088 3693 Ιτό
1121 3633 1298 3714 κεκλῆσθαι
1330 3631 1384 3713 τήν
1418 3631 1515 3713 μονήν

293 3751 404 3833 ταύτην
426 3753 460 3812 τό
482 3754 572 3812 κενόν
595 3753 647 3811 καί
670 3754 802 3833 μάταιαν
825 3747 921 3831 ὄνομα
936 3759 990 3832 της
1006 3760 1063 3811 τῶν
1085 3749 1207 3834 Ἰβήρων
1228 3753 1437 3832 προσηγορίας
1459 3753 1514 3810 καί

295 3874 548 3952 σφετεριζομένων
571 3867 711 3932 ἐντεῦθεν
726 3868 781 3930 καὶ
796 3869 848 3951 τήν
865 3869 1039 3952 καθολικὴν
1055 3865 1149 3952 αὐτῆς
1168 3867 1345 3950 ἐκκλησίαν,
1369 3864 1405 3929 ού
1422 3872 1513 3951 χάριν
1624 3867 1625 3870 ’

292 3987 405 4051 πολλοὶ
426 3992 479 4049 καί
501 3989 642 4072 διάφοροι
670 3989 864 4064 ἐγεγόνεισαν
894 3989 1030 4058 συνάξεις
1061 3990 1115 4047 καί
1133 3985 1313 4061 δίετσίσεις,
1347 3983 1426 4048 ἀστε
1460 3989 1515 4068 τήν

292 4097 507 4188 προσήκουσαν
531 4109 676 4182 γενέσθαι
697 4109 885 4168 κατάστασιν
909 4101 953 4166 ἐπ’
979 4099 1072 4187 αύτή,
1100 4103 1310 4186 αἰτησαμένων
1338 4113 1428 4166 τούτο
1456 4115 1514 4166 τῶν

295 4233 438 4308 μυναχῶν
452 4221 608 4306 Ῥωμαίων
630 4222 677 4288 ἐπ’
701 4223 855 4310 ἀσφαλείᾳ
876 4227 930 4285 καί
952 4221 1173 4307 συοτσίσιιτης
1194 4225 1391 4308 δηλωθείσης
1407 4232 1513 4307 μυνής.

295 4343 385 4406 ίνδεν
408 4363 455 4406 τοι
479 4345 534 4405 καί
553 4352 614 4406 ,τού
640 4341 808 4408 όσιωτύτυυ
835 4342 954 4424 ἀνδρός,
976 4349 1034 4422 κύρ
1062 4338 1219 4423 Ἀροανίου
1242 4341 1370 4416 έκείνυυ,
1394 4349 1449 4404 του
1471 4341 1513 4412 τίς
1624 4381 1625 4404 ι

296 4460 419 4543 Πρῶτον
449 4455 695 4544 ἀποόεταγμένυυ
721 4471 773 4524 τού
799 4461 903 4540 Ἀγίου
930 4463 1037 4530 τούτου
1062 4459 1176 4543 Ὄρους
1203 4459 1451 4544 έπιδημήοαντος
1476 4473 1511 4545 ιη
