3282 5270
1262 323 1325 386 ⁴59

108 507 224 574 σιακὰς
245 505 389 576 δουλείας
410 505 615 589 πλεονεκτικιρ
636 509 735 590 τρόαιρ
750 507 922 590 κινούμενοι
947 510 1001 567 καί
1023 514 1080 566 τῶν
1104 502 1325 587 δκκλησιαστι-

106 631 173 682 κῶν
195 619 341 684 ἁπτονται
361 626 545 705 πραγμάτων
568 621 706 708 ἁναίδην,
722 621 908 708 ἁρπάζοντες
924 620 959 684 λκ
978 631 1035 684 τῶν
1052 620 1264 705 ἀφιερωμίνων
1285 618 1327 701 τᾷ

104 737 175 819 θεῷ
194 741 358 821 κτημάτων
379 739 516 810 εἰσόδους
537 739 591 802 καὶ
612 744 651 803 τά
672 738 877 823 εύρισκόμενα
898 741 1032 824 χρειώδη
1052 737 1083 802 ίν
1106 748 1168 808 τοῖς
1190 737 1325 807 κελλίοις

105 865 168 918 τῶν
191 855 358 939 ἀρχιερίων
381 856 598 942 ἀφαιρούμενοι
619 864 673 922 καί
697 863 808 943 ζημίας
830 849 985 930 ποιοῦντες
1012 857 1044 920 ίν
1066 867 1128 928 τοῖς
1150 859 1325 938 πράγμασιν

105 977 165 1034 καί
197 971 298 1056 ύβρεις
330 978 384 1036 καί
413 975 592 1048 δυναστείας
618 980 700 1039 κατά
725 999 758 1040 τε
784 987 840 1038 τῦν
870 975 1045 1052 ἁγιωτάτων
1075 973 1241 1058 ἀρχιερίων
1273 973 1328 1034 καί

106 1102 169 1154 τῶν
191 1089 422 1172 εόλαβιστάτων
448 1093 616 1177 κληρικῦν,
643 1094 694 1156 σία
719 1095 757 1178 δη
784 1093 840 1158 καί
866 1092 908 1165 είς
936 1096 989 1177 τὴν
1015 1091 1186 1174 ἁγιωτάτην
1214 1090 1325 1172 σονίβη

105 1212 295 1293 μητρόπολιν
317 1211 545 1296 Φιλαδελφείας
565 1217 619 1276 καί
640 1213 684 1285 εἰς
706 1216 757 1277 τὸν
780 1212 941 1296 ἱερώτατον
965 1209 1058 1296 αύτης
1072 1214 1212 1294 ποιμάνα,
1228 1207 1324 1271 ἁδελ-

106 1329 166 1412 φόν
189 1332 245 1391 καί
266 1329 498 1412 σολλειτοοργδν
524 1340 579 1414 της
604 1328 690 1415 ἡμῶν
718 1334 927 1415 μετριότητος,
957 1327 993 1394 ού
1021 1333 1112 1414 μόνον
1137 1330 1192 1391 καί
1219 1325 1261 1397 εὶς
1287 1327 1327 1387 τὰ

105 1451 392 1527 προσκεκορωμένα
414 1458 451 1530 ιη
475 1455 527 1509 τοῦ
549 1450 627 1510 θεοῦ
649 1447 803 1534 ίκκλησίφ
823 1453 989 1532 πράγματα
1010 1451 1065 1510 καί
1090 1449 1234 1529 κτήματα
1255 1443 1327 1506 δια-

105 1565 234 1646 φθοράν
255 1567 310 1626 καί
333 1567 444 1646 ζημίαν
467 1563 659 1649 ἐποιήσαντο,
682 1565 874 1649 ἁρπάσαντες
900 1569 935 1630 τό
964 1564 1000 1629 ίκ
1026 1567 1138 1628 τούτων
1165 1562 1326 1645 είσόδημα,

107 1677 193 1746 ἀλλὰ
214 1685 269 1743 καί
291 1680 334 1752 είς
356 1685 394 1744 τά
417 1679 584 1764 εύρεθίντα
605 1683 693 1756 ίκτῦς
715 1695 774 1748 τῶν
796 1685 971 1769 οἰκημάτων
993 1694 1048 1769 τῆς
1070 1681 1242 1764 ἁγιωτάτης
1265 1700 1327 1762 μη·

106 1799 282 1880 τροκύλειες
313 1799 447 1880 χρειώδη
479 1803 534 1860 καί
573 1798 728 1876 ἀναγκαῖα
764 1812 855 1884 χείρα
881 1801 1099 1882 πλεονεκτικήν
1132 1796 1327 1880 ίμβαλύνεες,

108 1913 297 2000 ἀφήρπασαν
321 1913 399 1978 αύτάι
421 1921 476 1979 καί
498 1918 685 2000 διίφθιιραν,
707 1922 761 1980 καί
783 1921 817 1981 τό
840 1919 877 2001 δὴ
905 1923 1006 2001 μεῖζον
1032 1922 1086 1979 καί
1111 1919 1231 1978 πάντων
1254 1911 1327 1975 ἀνο-

108 2037 270 2108 σιώτατον,
291 2039 346 2096 καί
368 2033 411 2105 τίς
434 2032 523 2097 αὐτόν
546 2033 704 2116 ίζύβρισαν
726 2039 777 2098 τόν
793 2035 939 2118 ἁρχιερία
953 2039 1008 2098 καί
1022 2034 1221 2106 διδάσκαλον,
1242 2031 1329 2092 κλεί-

108 2172 169 2213 στα
192 2156 356 2215 κακωτικὰ
378 2153 591 2228 ίτενεγκόντες
613 2150 695 2235 αύτῷ
713 2173 748 2214 τε
773 2157 829 2215 καί
849 2153 974 2225 πολλοῖς
999 2163 1057 2215 τῦν
1084 2152 1138 2214 σύν
1167 2146 1249 2231 αύτῷ
1274 2143 1328 2210 τύ·

108 2271 307 2350 λαβεστάτων
329 2271 485 2353 κληρωτῶν
507 2274 561 2332 καί
582 2271 832 2350 θεοσεβεστάτων
855 2270 1063 2354 ίερομονάχων
1095 2271 1150 2331 καί
1171 2267 1329 2348 λεορίσαν-

14 2419 15 2424 1
109 2410 169 2462 τες,
187 2392 267 2469 μετὰ
293 2389 387 2450 δόλοι)
412 2389 528 2471 πολλὴν
554 2393 608 2450 καὶ
635 2387 787 2474 ἀφόρητον
814 2393 925 2473 ζημίαν
953 2411 986 2451 τε
1012 2393 1066 2451 καί
1092 2386 1249 2470 σοντριβην
1275 2387 1330 2446 καί

108 2508 270 2577 κινδύνους
293 2481 527 2588 καίκάθειρζιν
549 2511 676 2590 χρονίαν
696 2511 751 2569 καί
778 2506 859 2570 ἁλλα
883 2507 985 2570 πολλὰ
1011 2507 1130 2590 λυπηρά
1154 2505 1328 2586 προσήνεγ-

108 2645 180 2689 καν.
204 2633 301 2688 ταῦτα
323 2622 471 2708 λκοίησαν
490 2622 522 2708 οί
548 2634 654 2695 κακῶς
679 2629 734 2687 καί
760 2623 864 2696 ἁθίως
890 2626 1092 2708 διακείμενοι,
1120 2621 1330 2705 ἀθετήσαντες

108 2744 183 2814 τούς
205 2751 259 2806 τοῦ
282 2743 360 2804 θεοῦ
381 2744 493 2824 νόμους
517 2746 572 2805 καί
597 2745 885 2827 καταφρονήσαντες
911 2753 969 2806 τῶν
998 2741 1086 2824 ίερεῦν
1112 2743 1249 2814 κανόνων
1276 2741 1331 2800 καί

109 2857 191 2929 ὅλως
214 2860 259 2930 είς
281 2861 335 2941 τὴν
358 2857 494 2922 ίναντίαν
516 2873 700 2942 χριστιανοῖς
726 2865 780 2924 καί
807 2839 988 2944 διαβολικην
1015 2858 1231 2928 ἀποκλίνοντες
1259 2857 1330 2918 διά-

110 2980 223 3040 θεσινιγ
238 2973 308 3038 ἁλλ’
328 2973 348 3059 ἡ
372 2974 447 3053 ἁγία
469 2986 522 3040 τοῦ
545 2979 622 3040 θεοῦ
649 2977 803 3061 ίκκλησία
828 2982 882 3040 καί
907 2989 965 3042 τῶν
991 2980 1133 3040 τοιούτων
1160 2973 1328 3058 ἀνθρώπων

110 3093 165 3176 τὴν
188 3097 340 3176 σωτηρίαν
361 3098 569 3175 προνοοομίνη
591 3098 645 3155 καί
667 3105 725 3156 τῶν
748 3093 923 3170 ἁγιωτάτων
946 3094 1119 3178 ἐκκλησιῶν
1137 3096 1191 3176 τὴν
1214 3095 1330 3155 σύστα-

113 3231 161 3273 σιν
183 3215 393 3292 προνοοομίνη
416 3207 471 3271 καί
493 3208 571 3280 δλως
593 3212 646 3293 την
662 3214 871 3294 χριστισινικην
887 3209 1024 3285 εύταζίαν
1039 3217 1093 3274 καί
1107 3214 1188 3275 κατὰ
1202 3211 1333 3292 Χριστόν

109 3329 268 3390 πολιτείαν
291 3327 469 3407 βεβαιοῦσα,
493 3325 535 3395 είς
562 3327 667 3410 κοινην
692 3331 810 3391 πάντων
833 3325 1000 3410 ἀνθρώπων
1023 3334 1188 3412 σωτηρίαν,
1213 3336 1331 3408 πρῶτον

111 3450 168 3530 μίν
190 3456 267 3508 πάσι
290 3447 422 3530 φανερὰν
445 3455 574 3506 ποιεῖται
605 3445 659 3527 την
686 3447 827 3530 τοιαύτην
854 3443 1006 3528 ἁμαρτίαν
1036 3451 1091 3508 καί
1116 3449 1149 3508 τό
1179 3443 1210 3517 λζ
1237 3441 1331 3508 αὐτοῦ

111 3563 234 3626 αίεῦνιὸν
256 3567 361 3644 κρίμα,
385 3561 489 3624 ίπιιτα
512 3563 545 3622 δὲ
568 3566 622 3623 καί
644 3565 697 3645 τὴν
731 3565 923 3647 ίπικειμόνην
951 3577 1012 3635 τοῖς
1040 3575 1098 3626 τεῦν
1125 3567 1219 3626 θείων
1243 3561 1330 3645 ὑβρι-

112 3693 197 3752 σταῖς
220 3682 356 3742 δείκνυσι
372 3684 527 3761 τιμωρίαν,
551 3685 607 3746 καί
637 3677 731 3750 ούτως
758 3681 801 3752 είς
828 3685 989 3764 μετάνοιαν
1015 3681 1234 3764 προσκαλεῖται
1261 3681 1332 3752 τούς

111 3811 168 3862 τῶν
191 3803 347 3862 κακίστων
370 3795 509 3879 ἐργάτας.
533 3785 629 3860 ταῦτά
651 3820 699 3861 τοι
719 3805 773 3862 καί
795 3801 1082 3882 σονδιασκεψαμένη
1106 3810 1168 3868 τοῖς
1189 3803 1257 3882 περί
1273 3795 1328 3861 αύ·

110 3921 164 4000 την
187 3917 361 4000 ἱερωτάτοις
385 3913 573 3997 ἀρχιερεῦσι,
596 3916 638 3998 τῷ
659 3915 798 4001 Έφίσοο,
824 3918 867 4000 τῷ
886 3917 1032 3994 Κοζίκοο,
1061 3920 1102 4000 τῷ
1121 3916 1268 3993 Νικαίας,
1291 3921 1334 4002 τῷ

111 4035 323 4116 Χαλκηδόνος,
346 4032 389 4113 τερ
408 4031 543 4107 Τοάνων,
566 4033 607 4116 τῷ
620 4033 742 4116 Βιζύης,
766 4034 806 4117 τῷ
820 4034 1098 4117 Τραϊανοοττύλεως,
1123 4037 1163 4117 τῷ
1179 4034 1331 4118 Βρύσεως,

111 4152 152 4232 τηῑ
175 4149 329 4232 Ἀθηνῶν,
352 4149 394 4232 τερ
414 4148 659 4232 Τραπεζοῦντος,
686 4153 728 4232 τῷ
747 4151 854 4226 Αἴνου,
881 4154 923 4235 τερ
946 4151 1070 4235 Μύρων,
1098 4154 1151 4235 τὴν
1173 4161 1331 4235 παροῦσαν

112 4269 274 4349 σονοδικὴν
296 4277 427 4330 ττοιείται
449 4269 611 4344 διάγνωσιν
633 4271 687 4330 καί
710 4267 872 4353 ἀπόφασιν·
896 4267 960 4332 ἐπεὶ
980 4267 1031 4332 ούν
1048 4267 1125 4333 οἵτε
1141 4269 1331 4355 φιλεοοεβεῐς

111 4389 198 4476 νόμοι
220 4389 275 4448 καί
298 4381 373 4465 ἱεροί
395 4389 523 4456 κανόνες
545 4385 615 4456 τούς
637 4387 791 4458 τοιούτοος
814 4389 866 4450 διά
889 4391 943 4469 μίν
966 4390 1019 4472 τὴν
1036 4399 1093 4452 τῶν
1110 4387 1330 4472 ἐκκλησιαστι-

112 4514 172 4566 κεῦν
194 4506 382 4587 πραγμάτων
404 4506 524 4588 φθοράν
546 4509 599 4566 καί
621 4505 791 4588 διαρπαγὴν
811 4505 934 4578 ἀλύτοις
949 4506 1108 4592 ἐπιτιμίοις
1123 4507 1332 4587 καθοποβάλ-
