3314 5266
306 237 370 302 58⁴

305 421 423 496 τούτου,
456 419 570 492 ἐκεῖνος
591 419 626 484 δέ
649 417 818 507 ἀντίγραφά
847 441 907 504 μοι,
930 421 1027 498 λίχνον
1049 414 1154 492 οὕτως.
1188 416 1270 496 ,ἐγῶ
1294 413 1353 482 οὐκ
1374 414 1514 503 ἠρξάμην,

304 535 433 620 ἤρξαντο
465 535 578 602 ἐκείνοι
598 545 652 600 τοῦ
673 540 847 621 κουρσείειν
872 547 999 622 πρῶτον,
1021 540 1149 600 καὶτοῦ
1172 545 1303 620 σταυροῦ
1336 540 1372 600 τά
1393 538 1515 622 φίλημα,

303 651 379 738 ὅπερ
412 653 497 738 εἶχον
528 659 603 738 τρίς
636 677 683 738 με,
711 652 747 719 οὐ
769 661 960 741 κατέθηκαν,
994 655 1062 720 οέτε
1095 661 1133 720 τά
1165 655 1363 740 ίρκωμυτικίι
1386 655 1517 736 ἔπεμψαν

301 777 376 856 τρίς
399 797 452 857 με,
486 771 690 856 ἐκοίρσευσάν
724 797 761 860 με
795 773 882 839 ἐννέα
903 781 1009 861 φοράς,
1041 780 1095 840 καί
1115 779 1167 840 τάν
1194 775 1438 860 χοναικάέελφίν
1462 792 1517 854 μου
1593 761 1603 775 ”

302 895 353 955 τὸν
386 887 467 976 βῆχα
488 891 617 978 Μιχαὴλ
640 893 771 978 ἐνόρκως
794 895 927 978 ἔκραξαν
949 895 992 966 εἰς
1018 891 1153 970 ἐαυτοὸς,
1181 897 1235 984 μαί
1256 894 1273 957 δ
1296 893 1516 978 μητροπολίτας

193 1019 196 1024 “
302 1011 465 1092 ἐίέβαλλεν
489 1011 539 1076 ἆτ’
562 1011 682 1077 ἐκείνου
704 1017 756 1076 τὸν
778 1015 885 1099 φόβον,
920 1011 967 1078 ὅτι
998 1018 1036 1078 νά
1058 1014 1139 1096 ἔλθη
1161 1018 1216 1076 καί
1237 1017 1276 1076 νά
1298 1008 1403 1094 ὁτάχη
1425 1015 1462 1093 ρέ
1483 1009 1515 1070 τί

300 1129 444 1214 θέλημάν
465 1153 529 1208 τοο,
551 1137 605 1195 καί
628 1131 757 1195 ἐπίασάν
780 1152 840 1194 τον·
864 1133 915 1196 εόν
938 1131 1074 1216 γαμβρόν
1096 1152 1163 1216 μου,
1186 1134 1238 1194 τὸν
1255 1125 1337 1214 ρῆηα
1358 1132 1410 1192 τίν
1430 1126 1516 1192 ἐίκο-

303 1251 399 1332 ρίρσην
421 1258 474 1312 τοῦ
490 1249 640 1334 Χαμηλοί
654 1249 877 1334 Νοβυχραέίοο,
901 1249 1029 1314 ἐπίασάν
1043 1269 1104 1326 τον,
1125 1255 1180 1313 καί
1203 1251 1319 1332 ἐκηραν
1334 1253 1389 1311 καί
1404 1252 1437 1310 τὸ
1460 1243 1515 1330 ῥη-

303 1370 408 1442 γαέίυν
429 1389 491 1430 του·
514 1371 565 1432 τὸν
588 1371 725 1452 γαμβρόν
748 1391 816 1454 μου,
839 1371 890 1432 τίν
902 1364 983 1454 βῆχα
997 1368 1198 1454 τὸνἹωάννην
1220 1375 1274 1432 τοῦ
1294 1365 1515 1450 Νοβοηρσδίοο,

301 1487 356 1546 καί
388 1487 422 1546 τί
446 1480 602 1568 βηηατίον
635 1509 687 1549 τοο
710 1485 924 1570 ἐκούμσευσαν,
946 1491 1000 1550 καί
1021 1489 1074 1572 τὴν
1097 1491 1194 1570 μάναν
1216 1505 1270 1549 τοο
1292 1485 1433 1550 ἐπίασαν·
1467 1487 1518 1544 καί

301 1603 536 1687 τὴνθοχατέρα
559 1625 617 1688 μου
639 1605 756 1691 ἐτηράν
777 1612 918 1691 την,καί
931 1615 993 1670 τοῦ
1015 1613 1145 1690 σταυροῦ
1168 1609 1201 1670 τά
1224 1606 1344 1691 φίλημα
1368 1599 1405 1666 οὐ
1426 1607 1519 1666 κατί-

300 1723 421 1804 θηκαν·
443 1721 544 1786 ἐπάνω
567 1726 673 1787 τούτου
694 1735 747 1790 τοῦ
771 1728 1053 1811 σταυροφιλήματος
1076 1722 1195 1808 άαῇραν
1229 1723 1281 1787 ἀπ’
1302 1723 1380 1807 ἐμοῦ
1403 1726 1521 1802 κάστρσ
1626 1750 1627 1774 ι

301 1837 397 1915 ἔχηυς
416 1849 474 1903 τῶν
497 1839 620 1918 εἴκοσιν,
648 1841 764 1916 ἐκεῖνος
787 1845 821 1907 δέ
844 1848 952 1929 γράφει
973 1849 1027 1906 καί
1042 1845 1080 1907 τὰ
1101 1847 1222 1926 κάστρα
1235 1839 1312 1904 Ικατ’
1336 1839 1447 1925 ὄνομα.
1469 1824 1525 1902 καέ
1627 1826 1628 1854 ¹

300 1951 393 2040 ἡμεῖς·
410 1967 505 2020 ταῦτα
528 1962 569 2044 μή
593 1957 806 2044 ὑπομείναντες
829 1957 937 2033 αὐτοὺς
947 1963 1038 2025 πάλιν
1059 1960 1312 2044 ἐκοορσεύσαμεν,
1336 1963 1392 2022 καί
1415 1959 1452 2022 ἂν
1469 1957 1521 2020 οό-

302 2075 355 2138 θέν
377 2073 537 2159 ἐρθνίνσοον
559 2079 602 2152 εἰς
624 2081 695 2164 ἐμέ,
718 2079 790 2144 οόἐέ
812 2085 887 2164 κόρα
919 2081 988 2152 ιοός
1020 2081 1105 2144 θέλω
1138 2077 1318 2162 ὑπομείνειν.
1353 2082 1438 2140 κατά
1472 2077 1523 2160 τήν
1631 2132 1632 2146 ,

302 2189 446 2269 εὐλογίαν
480 2195 573 2260 σουὸ
597 2201 819 2283 μητρυτολίτης
851 2197 948 2262 αὐτῶν
970 2195 1089 2277 είλοηεί
1111 2195 1153 2268 εές
1183 2202 1240 2284 Ιτάς
1262 2194 1521 2279 αἱματεκχυσίας.

303 2315 395 2395 μέχρι
416 2325 469 2377 τοῦ
492 2324 543 2380 νῦν
565 2315 633 2379 οὔτε
656 2315 699 2389 είς
721 2319 790 2388 τούς
816 2321 948 2400 τατέρας
970 2339 1030 2400 μσς
1063 2325 1195 2380 τοιοῦτοι
1222 2315 1445 2399 μητροκολίται
1467 2309 1522 2376 οὐκ

179 2461 181 2466 ·
303 2428 452 2509 ἐηίνοντο,
485 2430 549 2505 οἶος
571 2429 660 2506 οὖτος
681 2432 698 2497 ὁ
721 2437 952 2520 μητροκολίτης,
972 2419 1105 2509 ἐὀλοτεί
1125 2435 1195 2506 τοὺς
1216 2431 1448 2516 Μοσχοβίωτας
1480 2430 1522 2500 εἰς
1635 2438 1636 2462 ¹

304 2547 555 2634 αἱματεκχυσίας,
577 2557 631 2616 καί
653 2552 696 2624 είς
716 2549 798 2636 ἡμᾶς
821 2549 877 2615 οὐκ
900 2552 1033 2636 ἔρχεται,
1057 2549 1124 2616 οὔτε
1141 2549 1184 2622 τίς
1205 2555 1239 2614 τὸ
1261 2551 1382 2631 Κύεβον
1403 2548 1521 2627 υάαηί-

303 2688 357 2730 νει.
392 2665 408 2730 ὁ
430 2667 570 2754 Ἰωάννης
603 2679 656 2732 τοῦ
677 2669 870 2742 Κοίέλισκτυ
891 2676 945 2734 καί
967 2669 984 2734 ὁ
1006 2671 1143 2753 Ἰωάννης
1170 2679 1222 2732 τοῦ
1244 2669 1448 2751 Βασέμισκυυ
1470 2672 1522 2730 καί

305 2783 321 2847 ἐ
343 2783 580 2868 Ναχσίιμιτνικος
603 2785 619 2851 ὁ
641 2788 804 2860 Βασίλειος
826 2788 975 2873 ἐφίλησαν
998 2791 1127 2870 σταυρὸν
1149 2787 1192 2857 τίς
1225 2784 1289 2868 ἐμέ,
1322 2791 1379 2848 καί
1401 2788 1523 2848 ἔδωκαν

304 2907 359 2966 καί
381 2902 543 2988 ἐγγυητάς,
576 2907 746 2968 τελευταῖον
780 2904 903 2992 ἀφῆκαν
935 2909 991 2975 τὰς
1012 2917 1157 2982 Ιςυναίιιιις
1175 2909 1232 2968 ’καί
1254 2908 1292 2968 τά
1317 2903 1429 2966 παιδία
1455 2923 1521 2978 των,

304 3024 359 3084 καί
380 3021 496 3107 ἔφυηυν
525 3027 577 3085 καί
600 3021 721 3108 άαηηαν
743 3021 816 3098 ἐκεῖ,
838 3027 893 3086 καί
915 3020 931 3087 ὁ
955 3025 1176 3107 μητροπολίτης
1199 3023 1324 3104 ἐξέβαλε
1347 3031 1402 3084 τοῦ
1425 3043 1521 3085 σταυ·

305 3147 359 3222 ροίί
391 3141 430 3202 τά
458 3142 577 3225 φίλημα
610 3138 660 3204 ἆτ’
693 3139 839 3212 ἐκείνους.
873 3141 983 3225 ἔτρεπε
1005 3142 1056 3204 τὸν
1078 3143 1310 3226 μητροκολίτην,
1332 3139 1384 3202 ἵνα
1406 3137 1522 3224 εὐλογῇ

304 3254 375 3326 τυότ
396 3256 635 3342 Μοσχοβιάτας,
669 3257 716 3323 ὅτι
748 3263 785 3348 νά
808 3259 960 3344 ἐβοήθουν
991 3256 1082 3344 ἡμᾶς,
1115 3261 1193 3322 θιὸτι
1225 3256 1313 3343 ἡμεῖς
1347 3262 1521 3342 μαχόμεθα

305 3379 382 3458 μετά
404 3377 656 3461 τῶνἊλαμάνων
677 3376 715 3442 δι’
739 3379 883 3453 ἐκείνους,
905 3383 960 3442 καί
974 3380 1126 3462 λαλοῦμεν
1140 3382 1192 3442 τάν
1207 3377 1431 3462 μητροπολίιην
1447 3381 1521 3460 πρὸς

306 3493 443 3571 ἐαυτυὸς,
459 3498 521 3560 ’καί
543 3495 658 3570 ἐκεῖνος
681 3495 770 3561 σέἐίν
793 3497 928 3581 ἔρχεται.
946 3497 999 3568 δίς
1021 3495 1090 3581 ἡμῖν
1112 3498 1206 3560 ἄλλον
1229 3499 1455 3581 μητρυιιολίτην
1478 3495 1520 3568 εὶς

305 3615 339 3674 τὸ
361 3607 489 3693 Κύτβον,
513 3613 557 3687 εὶς
579 3619 612 3678 τί
635 3615 849 3698 Σμολένισκον,
862 3615 916 3686 ἐίς
937 3619 970 3678 τά
992 3614 1124 3702 Τιφέριν,
1157 3614 1201 3686 είς
1221 3617 1276 3698 την
1297 3613 1420 3696 Μικράν
1442 3613 1519 3678 Ῥει-

305 3733 386 3804 σίαν,
408 3729 452 3802 είς
475 3731 685 3814 τόΝοβοσίλιν
708 3732 763 3796 καί
785 3733 828 3804 είς
850 3736 884 3796 τά
899 3733 1047 3817 Χαμηλόν
1061 3733 1285 3816 Νοβοηράθιν,“
1300 3739 1398 3796 ταῦτα
1419 3736 1519 3796 πάντα

305 3847 438 3930 ἔγραψεν
459 3847 573 3923 ἐκεῖνος
593 3855 667 3934 τρίς
693 3850 758 3935 ἐμέ.
785 3853 837 3914 διὰ
858 3859 945 3915 τοῦτο
979 3851 1148 3926 άιτέστειλαΙ
1175 3851 1235 3928 ἐηυέ
1268 3855 1343 3934 πρὸς
1375 3853 1429 3934 τὴν
1463 3851 1519 3934 σὴν

304 3961 447 4048 ἱεράν-ητα
468 3969 519 4028 τίν
541 3971 664 4053 γνήσιον
685 3972 736 4032 τίν
757 3968 855 4032 ἐδικίν
877 3991 935 4053 μου
957 3973 1007 4033 τίν
1029 3970 1177 4054 Ἰωάννην,
1200 3967 1283 4043 ὅστις
1298 3969 1377 4034 ἐστίν
1393 3969 1519 4052 ἅνθρω-

305 4101 361 4152 ιτος
384 4086 527 4166 φρόνιμος
549 4091 602 4148 καί
624 4088 720 4158 καλάς
741 4091 795 4150 καί
822 4086 990 4172 ἐπιτήδειος
1021 4095 1075 4152 κάί
1100 4089 1338 4171 τεπαιδευμίνος
1360 4093 1414 4150 καί
1435 4091 1519 4150 κατά

306 4201 405 4262 πάντα
426 4196 582 4285 ἡμέτερος,
604 4210 658 4268 καί
680 4209 786 4292 γράφω
809 4227 867 4282 σοι,
880 4205 909 4269 τί
927 4229 955 4269 τι
977 4206 1144 4284 ἀναγκαῖον
1158 4205 1205 4290 ἠν,
1226 4205 1390 4289 ῗναέλθης
1414 4206 1452 4268 σά
1468 4204 1519 4267 ἐν·

307 4317 411 4378 ταοθα
432 4318 484 4383 διὰ
505 4329 602 4385 ταῦτα
621 4327 729 4388 πάντα.
753 4323 818 4389 ἐπεί
832 4325 866 4388 δέ
883 4321 939 4389 οὖν
955 4325 1039 4410 ἔχεις
1055 4323 1182 4390 εὔκολον
1197 4326 1243 4401 σο,
1258 4329 1377 4408 τέμψον
1392 4322 1518 4404 ἄνθρω·

307 4453 362 4494 τον
377 4436 472 4498 ίδικίν
489 4460 543 4501 σου
559 4442 665 4516 καλὸν,
681 4441 730 4504 ἵνα
746 4444 842 4525 ἔλθη,
863 4449 915 4506 καί
931 4447 1080 4528 μάθωμεν
1100 4443 1233 4527 ἀκριβῶς
1249 4447 1316 4524 περί
1331 4452 1438 4506 πασῶν
1460 4453 1519 4506 τῖεν
