<?xml version="1.0" encoding="UTF-8"?>
<!DOCTYPE html PUBLIC "-//W3C//DTD XHTML 1.0 Transitional//EN"
    "http://www.w3.org/TR/xhtml1/DTD/xhtml1-transitional.dtd">
<html xmlns="http://www.w3.org/1999/xhtml" xml:lang="en" lang="en">
 <head>
  <title>
</title>
<meta http-equiv="Content-Type" content="text/html;charset=utf-8" />
  <meta name='ocr-system' content='tesseract 3.04.00' />
  <meta name='ocr-capabilities' content='ocr_page ocr_carea ocr_par ocr_line ocrx_word'/>
</head>
<body>
  <div class='ocr_page' id='page_1' title='image "./actaetdiplomata01miklgoog_0636.png"; bbox 0 0 3314 5266; ppageno 0'>
   <div class='ocr_carea' id='block_1_1' title="bbox 1266 319 1326 384">
    <p class='ocr_par' dir='ltr' id='par_1_1' title="bbox 1266 319 1326 384">
     <span class='ocr_line' id='line_1_1' title="bbox 1266 319 1326 384; baseline -0.033 0"><span class='ocrx_word' id='word_1_1' title='bbox 1266 319 1326 384; x_wconf 79' lang='lat'><strong>561</strong></span> 
     </span>
    </p>
   </div>
   <div class='ocr_carea' id='block_1_2' title="bbox 105 499 1379 4465">
    <p class='ocr_par' dir='ltr' id='par_1_2' title="bbox 105 499 1379 4465">
     <span class='ocr_line' id='line_1_2' title="bbox 107 499 1329 588; baseline 0 -21"><span class='ocrx_word' id='word_1_2' title='bbox 107 507 239 588; x_wconf 86' lang='grc' dir='ltr'><strong>μόνιμόν</strong></span> <span class='ocrx_word' id='word_1_3' title='bbox 261 525 295 566; x_wconf 88' lang='grc' dir='ltr'><strong>τε</strong></span> <span class='ocrx_word' id='word_1_4' title='bbox 317 501 372 565; x_wconf 84' lang='grc' dir='ltr'><strong>καὶ</strong></span> <span class='ocrx_word' id='word_1_5' title='bbox 404 500 582 576; x_wconf 77' lang='grc' dir='ltr'><strong>ἀδιάλυτον,</strong></span> <span class='ocrx_word' id='word_1_6' title='bbox 607 499 649 572; x_wconf 74' lang='grc' dir='ltr'><strong>ὃς</strong></span> <span class='ocrx_word' id='word_1_7' title='bbox 681 499 802 585; x_wconf 75' lang='grc' dir='ltr'><strong>όρικτόν</strong></span> <span class='ocrx_word' id='word_1_8' title='bbox 837 510 1032 585; x_wconf 86' lang='grc' dir='ltr'><strong>συντηρείται.</strong></span> <span class='ocrx_word' id='word_1_9' title='bbox 1067 501 1135 566; x_wconf 68' lang='grc' dir='ltr'><strong>ἐπεί</strong></span> <span class='ocrx_word' id='word_1_10' title='bbox 1155 504 1190 567; x_wconf 78' lang='grc' dir='ltr'><strong>δὲ</strong></span> <span class='ocrx_word' id='word_1_11' title='bbox 1211 500 1232 588; x_wconf 79' lang='grc' dir='ltr'><strong>ἡ</strong></span> <span class='ocrx_word' id='word_1_12' title='bbox 1254 507 1329 588; x_wconf 87' lang='grc' dir='ltr'><strong>πρός</strong></span> 
     </span>
     <span class='ocr_line' id='line_1_3' title="bbox 105 618 1329 707; baseline 0.001 -22"><span class='ocrx_word' id='word_1_13' title='bbox 105 625 143 685; x_wconf 85' lang='grc' dir='ltr'><strong>τό</strong></span> <span class='ocrx_word' id='word_1_14' title='bbox 165 634 271 707; x_wconf 81' lang='grc' dir='ltr'><strong>χῶρον</strong></span> <span class='ocrx_word' id='word_1_15' title='bbox 293 623 406 686; x_wconf 84' lang='grc' dir='ltr'><strong>τούτων</strong></span> <span class='ocrx_word' id='word_1_16' title='bbox 427 620 523 703; x_wconf 79' lang='grc' dir='ltr'><strong>τροπη</strong></span> <span class='ocrx_word' id='word_1_17' title='bbox 545 621 601 680; x_wconf 88' lang='grc' dir='ltr'><strong>καί</strong></span> <span class='ocrx_word' id='word_1_18' title='bbox 620 618 758 690; x_wconf 75' lang='grc' dir='ltr'><strong>διάλυσις</strong></span> <span class='ocrx_word' id='word_1_19' title='bbox 779 623 833 682; x_wconf 89' lang='grc' dir='ltr'><strong>καί</strong></span> <span class='ocrx_word' id='word_1_20' title='bbox 855 621 959 704; x_wconf 84' lang='grc' dir='ltr'><strong>ρθορά</strong></span> <span class='ocrx_word' id='word_1_21' title='bbox 980 627 1034 702; x_wconf 73' lang='grc' dir='ltr'><strong>τῆς</strong></span> <span class='ocrx_word' id='word_1_22' title='bbox 1056 621 1254 707; x_wconf 75' lang='grc' dir='ltr'><strong>δικαιοσύνης</strong></span> <span class='ocrx_word' id='word_1_23' title='bbox 1273 622 1329 686; x_wconf 82' lang='grc' dir='ltr'><strong>καί</strong></span> 
     </span>
     <span class='ocr_line' id='line_1_4' title="bbox 108 733 1328 824; baseline -0.002 -20"><span class='ocrx_word' id='word_1_24' title='bbox 108 749 165 824; x_wconf 75' lang='grc' dir='ltr'><strong>τῆς</strong></span> <span class='ocrx_word' id='word_1_25' title='bbox 195 740 342 824; x_wconf 73' lang='grc' dir='ltr'><strong>ἰσότητος</strong></span> <span class='ocrx_word' id='word_1_26' title='bbox 375 742 430 801; x_wconf 91' lang='grc' dir='ltr'><strong>καί</strong></span> <span class='ocrx_word' id='word_1_27' title='bbox 462 745 517 820; x_wconf 75' lang='grc' dir='ltr'><strong>τῆς</strong></span> <span class='ocrx_word' id='word_1_28' title='bbox 539 734 686 820; x_wconf 76' lang='grc' dir='ltr'><strong>ἁρμονίας</strong></span> <span class='ocrx_word' id='word_1_29' title='bbox 708 735 880 808; x_wconf 86' lang='grc' dir='ltr'><strong>ἀτόπτιισις</strong></span> <span class='ocrx_word' id='word_1_30' title='bbox 905 735 1041 820; x_wconf 78' lang='grc' dir='ltr'><strong>ἀτεχνῶς</strong></span> <span class='ocrx_word' id='word_1_31' title='bbox 1062 735 1140 802; x_wconf 88' lang='grc' dir='ltr'><strong>ούσα</strong></span> <span class='ocrx_word' id='word_1_32' title='bbox 1174 733 1328 822; x_wconf 71' lang='grc' dir='ltr'><strong>ἀυγχάνει,</strong></span> 
     </span>
     <span class='ocr_line' id='line_1_5' title="bbox 111 851 1330 942; baseline 0.001 -21"><span class='ocrx_word' id='word_1_33' title='bbox 111 856 148 921; x_wconf 81' lang='grc' dir='ltr'><strong>ού</strong></span> <span class='ocrx_word' id='word_1_34' title='bbox 172 859 233 942; x_wconf 75' lang='grc' dir='ltr'><strong>μὴν</strong></span> <span class='ocrx_word' id='word_1_35' title='bbox 266 856 349 920; x_wconf 83' lang='grc' dir='ltr'><strong>ἀλλά</strong></span> <span class='ocrx_word' id='word_1_36' title='bbox 370 861 425 919; x_wconf 92' lang='grc' dir='ltr'><strong>καί</strong></span> <span class='ocrx_word' id='word_1_37' title='bbox 455 852 556 939; x_wconf 83' lang='grc' dir='ltr'><strong>ἡτῶν</strong></span> <span class='ocrx_word' id='word_1_38' title='bbox 579 853 679 916; x_wconf 79' lang='grc' dir='ltr'><strong>ἄλλων</strong></span> <span class='ocrx_word' id='word_1_39' title='bbox 706 851 819 937; x_wconf 86' lang='grc' dir='ltr'><strong>ἀριτῶν</strong></span> <span class='ocrx_word' id='word_1_40' title='bbox 850 857 982 938; x_wconf 79' lang='grc' dir='ltr'><strong>μουσική</strong></span> <span class='ocrx_word' id='word_1_41' title='bbox 1014 876 1046 918; x_wconf 91' lang='grc' dir='ltr'><strong>τε</strong></span> <span class='ocrx_word' id='word_1_42' title='bbox 1078 860 1132 918; x_wconf 89' lang='grc' dir='ltr'><strong>καί</strong></span> <span class='ocrx_word' id='word_1_43' title='bbox 1153 855 1330 942; x_wconf 69' lang='grc' dir='ltr'><strong>ἐναρμόνιος</strong></span> 
     </span>
     <span class='ocr_line' id='line_1_6' title="bbox 110 967 1331 1061; baseline -0.001 -22"><span class='ocrx_word' id='word_1_44' title='bbox 110 977 195 1050; x_wconf 86' lang='grc' dir='ltr'><strong>τάξις</strong></span> <span class='ocrx_word' id='word_1_45' title='bbox 228 985 267 1058; x_wconf 82' lang='grc' dir='ltr'><strong>τῇ</strong></span> <span class='ocrx_word' id='word_1_46' title='bbox 290 984 345 1057; x_wconf 80' lang='grc' dir='ltr'><strong>τῆς</strong></span> <span class='ocrx_word' id='word_1_47' title='bbox 366 975 564 1056; x_wconf 70' lang='grc' dir='ltr'><strong>δικαιοσύνης</strong></span> <span class='ocrx_word' id='word_1_48' title='bbox 598 971 748 1054; x_wconf 75' lang='grc' dir='ltr'><strong>ἀναλογία</strong></span> <span class='ocrx_word' id='word_1_49' title='bbox 770 967 950 1056; x_wconf 75' lang='grc' dir='ltr'><strong>ῥυθμίζεται</strong></span> <span class='ocrx_word' id='word_1_50' title='bbox 974 976 1030 1036; x_wconf 89' lang='grc' dir='ltr'><strong>καί</strong></span> <span class='ocrx_word' id='word_1_51' title='bbox 1055 975 1149 1055; x_wconf 78' lang='grc' dir='ltr'><strong>μύλος</strong></span> <span class='ocrx_word' id='word_1_52' title='bbox 1181 979 1331 1061; x_wconf 74' lang='grc' dir='ltr'><strong>σιοιηριον</strong></span> 
     </span>
     <span class='ocr_line' id='line_1_7' title="bbox 111 1086 1331 1174; baseline -0.001 -17"><span class='ocrx_word' id='word_1_53' title='bbox 111 1093 335 1174; x_wconf 84' lang='grc' dir='ltr'><strong>ἀνακρούεται,</strong></span> <span class='ocrx_word' id='word_1_54' title='bbox 362 1089 437 1174; x_wconf 76' lang='grc' dir='ltr'><strong>ὅπερ</strong></span> <span class='ocrx_word' id='word_1_55' title='bbox 460 1089 541 1154; x_wconf 79' lang='grc' dir='ltr'><strong>όστίν</strong></span> <span class='ocrx_word' id='word_1_56' title='bbox 563 1086 580 1152; x_wconf 85' lang='grc' dir='ltr'><strong>ό</strong></span> <span class='ocrx_word' id='word_1_57' title='bbox 603 1099 660 1152; x_wconf 87' lang='grc' dir='ltr'><strong>τῶν</strong></span> <span class='ocrx_word' id='word_1_58' title='bbox 682 1089 714 1152; x_wconf 70' lang='grc' dir='ltr'><strong>ἐν</strong></span> <span class='ocrx_word' id='word_1_59' title='bbox 746 1087 883 1173; x_wconf 73' lang='grc' dir='ltr'><strong>οὐρανοῖς</strong></span> <span class='ocrx_word' id='word_1_60' title='bbox 909 1089 1116 1174; x_wconf 75' lang='grc' dir='ltr'><strong>-ύορταίόντων</strong></span> <span class='ocrx_word' id='word_1_61' title='bbox 1149 1091 1331 1156; x_wconf 82' lang='grc' dir='ltr'><strong>ἀκατάπαυ-</strong></span> 
     </span>
     <span class='ocr_line' id='line_1_8' title="bbox 113 1207 1333 1298; baseline 0 -24"><span class='ocrx_word' id='word_1_62' title='bbox 113 1233 186 1282; x_wconf 90' lang='grc' dir='ltr'><strong>στος</strong></span> <span class='ocrx_word' id='word_1_63' title='bbox 208 1209 306 1295; x_wconf 76' lang='grc' dir='ltr'><strong>ἦχος·</strong></span> <span class='ocrx_word' id='word_1_64' title='bbox 329 1210 474 1274; x_wconf 78' lang='grc' dir='ltr'><strong>λντιύθιν</strong></span> <span class='ocrx_word' id='word_1_65' title='bbox 495 1207 551 1272; x_wconf 89' lang='grc' dir='ltr'><strong>καὶ</strong></span> <span class='ocrx_word' id='word_1_66' title='bbox 571 1217 656 1272; x_wconf 80' lang='grc' dir='ltr'><strong>πάσα</strong></span> <span class='ocrx_word' id='word_1_67' title='bbox 679 1210 770 1298; x_wconf 78' lang='grc' dir='ltr'><strong>ἀρετ-η</strong></span> <span class='ocrx_word' id='word_1_68' title='bbox 793 1209 972 1293; x_wconf 75' lang='grc' dir='ltr'><strong>δικαιοσύνη</strong></span> <span class='ocrx_word' id='word_1_69' title='bbox 996 1215 1260 1294; x_wconf 73' lang='grc' dir='ltr'><strong>προσονομάίεται</strong></span> <span class='ocrx_word' id='word_1_70' title='bbox 1280 1212 1333 1276; x_wconf 85' lang='grc' dir='ltr'><strong>διά</strong></span> 
     </span>
     <span class='ocr_line' id='line_1_9' title="bbox 111 1324 1331 1412; baseline -0.001 -21"><span class='ocrx_word' id='word_1_71' title='bbox 111 1331 147 1392; x_wconf 86' lang='grc' dir='ltr'><strong>τό</strong></span> <span class='ocrx_word' id='word_1_72' title='bbox 171 1329 330 1412; x_wconf 86' lang='grc' dir='ltr'><strong>μηδεμίαν</strong></span> <span class='ocrx_word' id='word_1_73' title='bbox 352 1326 430 1390; x_wconf 86' lang='grc' dir='ltr'><strong>εἶναι</strong></span> <span class='ocrx_word' id='word_1_74' title='bbox 452 1334 505 1389; x_wconf 89' lang='grc' dir='ltr'><strong>τού</strong></span> <span class='ocrx_word' id='word_1_75' title='bbox 526 1329 646 1408; x_wconf 86' lang='grc' dir='ltr'><strong>κόσμου</strong></span> <span class='ocrx_word' id='word_1_76' title='bbox 667 1327 777 1409; x_wconf 85' lang='grc' dir='ltr'><strong>ταύτης</strong></span> <span class='ocrx_word' id='word_1_77' title='bbox 798 1327 946 1399; x_wconf 79' lang='grc' dir='ltr'><strong>καθάπαξ</strong></span> <span class='ocrx_word' id='word_1_78' title='bbox 967 1324 1184 1412; x_wconf 77' lang='grc' dir='ltr'><strong>ίατιρημδνην·</strong></span> <span class='ocrx_word' id='word_1_79' title='bbox 1206 1332 1261 1391; x_wconf 87' lang='grc' dir='ltr'><strong>καί</strong></span> <span class='ocrx_word' id='word_1_80' title='bbox 1282 1330 1331 1392; x_wconf 86' lang='grc' dir='ltr'><strong>δί-</strong></span> 
     </span>
     <span class='ocr_line' id='line_1_10' title="bbox 111 1441 1331 1531; baseline 0 -22"><span class='ocrx_word' id='word_1_81' title='bbox 111 1466 199 1510; x_wconf 90' lang='grc' dir='ltr'><strong>καιοι</strong></span> <span class='ocrx_word' id='word_1_82' title='bbox 220 1448 335 1516; x_wconf 84' lang='grc' dir='ltr'><strong>πάντες</strong></span> <span class='ocrx_word' id='word_1_83' title='bbox 357 1444 387 1509; x_wconf 83' lang='grc' dir='ltr'><strong>οἱ</strong></span> <span class='ocrx_word' id='word_1_84' title='bbox 410 1456 468 1507; x_wconf 88' lang='grc' dir='ltr'><strong>τῶν</strong></span> <span class='ocrx_word' id='word_1_85' title='bbox 490 1441 586 1521; x_wconf 86' lang='grc' dir='ltr'><strong>άγίιιν</strong></span> <span class='ocrx_word' id='word_1_86' title='bbox 607 1443 775 1514; x_wconf 83' lang='grc' dir='ltr'><strong>καλοῦνται</strong></span> <span class='ocrx_word' id='word_1_87' title='bbox 796 1448 898 1526; x_wconf 85' lang='grc' dir='ltr'><strong>χοροί,</strong></span> <span class='ocrx_word' id='word_1_88' title='bbox 919 1448 1021 1528; x_wconf 88' lang='grc' dir='ltr'><strong>πάσης</strong></span> <span class='ocrx_word' id='word_1_89' title='bbox 1042 1443 1152 1530; x_wconf 79' lang='grc' dir='ltr'><strong>ἀρετῆς</strong></span> <span class='ocrx_word' id='word_1_90' title='bbox 1173 1444 1257 1518; x_wconf 80' lang='grc' dir='ltr'><strong>ὄντες</strong></span> <span class='ocrx_word' id='word_1_91' title='bbox 1279 1445 1331 1531; x_wconf 73' lang='grc' dir='ltr'><strong>ἰρ-</strong></span> 
     </span>
     <span class='ocr_line' id='line_1_11' title="bbox 113 1558 1333 1646; baseline 0.002 -20"><span class='ocrx_word' id='word_1_92' title='bbox 113 1566 219 1642; x_wconf 81' lang='grc' dir='ltr'><strong>γάςαι,</strong></span> <span class='ocrx_word' id='word_1_93' title='bbox 242 1560 295 1625; x_wconf 88' lang='grc' dir='ltr'><strong>οία</strong></span> <span class='ocrx_word' id='word_1_94' title='bbox 316 1563 354 1646; x_wconf 79' lang='grc' dir='ltr'><strong>δὴ</strong></span> <span class='ocrx_word' id='word_1_95' title='bbox 377 1564 430 1625; x_wconf 85' lang='grc' dir='ltr'><strong>διὰ</strong></span> <span class='ocrx_word' id='word_1_96' title='bbox 451 1572 510 1627; x_wconf 84' lang='grc' dir='ltr'><strong>τῶν</strong></span> <span class='ocrx_word' id='word_1_97' title='bbox 532 1558 632 1624; x_wconf 80' lang='grc' dir='ltr'><strong>ὅπλων</strong></span> <span class='ocrx_word' id='word_1_98' title='bbox 653 1569 708 1644; x_wconf 76' lang='grc' dir='ltr'><strong>τῆς</strong></span> <span class='ocrx_word' id='word_1_99' title='bbox 733 1561 931 1644; x_wconf 87' lang='grc' dir='ltr'><strong>δικαιοσύνης</strong></span> <span class='ocrx_word' id='word_1_100' title='bbox 963 1572 1020 1625; x_wconf 87' lang='grc' dir='ltr'><strong>τῶν</strong></span> <span class='ocrx_word' id='word_1_101' title='bbox 1052 1563 1157 1635; x_wconf 85' lang='grc' dir='ltr'><strong>δεξιῶν</strong></span> <span class='ocrx_word' id='word_1_102' title='bbox 1188 1569 1243 1628; x_wconf 88' lang='grc' dir='ltr'><strong>καί</strong></span> <span class='ocrx_word' id='word_1_103' title='bbox 1273 1573 1333 1628; x_wconf 86' lang='grc' dir='ltr'><strong>τῶν</strong></span> 
     </span>
     <span class='ocr_line' id='line_1_12' title="bbox 113 1675 1332 1762; baseline 0.001 -19"><span class='ocrx_word' id='word_1_104' title='bbox 113 1679 283 1762; x_wconf 81' lang='grc' dir='ltr'><strong>ἀριστερῶν</strong></span> <span class='ocrx_word' id='word_1_105' title='bbox 306 1684 384 1762; x_wconf 85' lang='grc' dir='ltr'><strong>μιτά</strong></span> <span class='ocrx_word' id='word_1_106' title='bbox 406 1687 458 1740; x_wconf 88' lang='grc' dir='ltr'><strong>τού</strong></span> <span class='ocrx_word' id='word_1_107' title='bbox 482 1683 635 1760; x_wconf 79' lang='grc' dir='ltr'><strong>μακαρίου</strong></span> <span class='ocrx_word' id='word_1_108' title='bbox 656 1677 780 1740; x_wconf 84' lang='grc' dir='ltr'><strong>Παύλου</strong></span> <span class='ocrx_word' id='word_1_109' title='bbox 801 1681 855 1740; x_wconf 88' lang='grc' dir='ltr'><strong>καί</strong></span> <span class='ocrx_word' id='word_1_110' title='bbox 877 1687 935 1740; x_wconf 89' lang='grc' dir='ltr'><strong>τῶν</strong></span> <span class='ocrx_word' id='word_1_111' title='bbox 957 1675 1073 1762; x_wconf 80' lang='grc' dir='ltr'><strong>ἡδονῶν</strong></span> <span class='ocrx_word' id='word_1_112' title='bbox 1106 1684 1160 1744; x_wconf 87' lang='grc' dir='ltr'><strong>καί</strong></span> <span class='ocrx_word' id='word_1_113' title='bbox 1184 1691 1243 1744; x_wconf 90' lang='grc' dir='ltr'><strong>τῶν</strong></span> <span class='ocrx_word' id='word_1_114' title='bbox 1257 1702 1332 1744; x_wconf 87' lang='grc' dir='ltr'><strong>πει-</strong></span> 
     </span>
     <span class='ocr_line' id='line_1_13' title="bbox 112 1793 1334 1882; baseline 0.001 -20"><span class='ocrx_word' id='word_1_115' title='bbox 112 1807 241 1882; x_wconf 86' lang='grc' dir='ltr'><strong>ρασμῶν</strong></span> <span class='ocrx_word' id='word_1_116' title='bbox 275 1805 328 1860; x_wconf 83' lang='grc' dir='ltr'><strong>τού</strong></span> <span class='ocrx_word' id='word_1_117' title='bbox 349 1799 498 1879; x_wconf 84' lang='grc' dir='ltr'><strong>παρόντος</strong></span> <span class='ocrx_word' id='word_1_118' title='bbox 521 1797 588 1876; x_wconf 87' lang='grc' dir='ltr'><strong>βίου</strong></span> <span class='ocrx_word' id='word_1_119' title='bbox 610 1797 769 1870; x_wconf 87' lang='grc' dir='ltr'><strong>γεγονότις</strong></span> <span class='ocrx_word' id='word_1_120' title='bbox 796 1793 953 1878; x_wconf 87' lang='grc' dir='ltr'><strong>ἀνιότιροι·</strong></span> <span class='ocrx_word' id='word_1_121' title='bbox 987 1794 1069 1858; x_wconf 84' lang='grc' dir='ltr'><strong>ἀλλὰ</strong></span> <span class='ocrx_word' id='word_1_122' title='bbox 1101 1803 1155 1860; x_wconf 86' lang='grc' dir='ltr'><strong>καί</strong></span> <span class='ocrx_word' id='word_1_123' title='bbox 1188 1797 1220 1861; x_wconf 91' lang='grc' dir='ltr'><strong>αί</strong></span> <span class='ocrx_word' id='word_1_124' title='bbox 1251 1793 1334 1863; x_wconf 81' lang='grc' dir='ltr'><strong>κατὰ</strong></span> 
     </span>
     <span class='ocr_line' id='line_1_14' title="bbox 113 1911 1335 2000; baseline 0.001 -21"><span class='ocrx_word' id='word_1_125' title='bbox 113 1921 235 2000; x_wconf 92' lang='grc' dir='ltr'><strong>κόσμον</strong></span> <span class='ocrx_word' id='word_1_126' title='bbox 269 1925 327 1978; x_wconf 87' lang='grc' dir='ltr'><strong>τῶν</strong></span> <span class='ocrx_word' id='word_1_127' title='bbox 360 1911 529 1995; x_wconf 77' lang='grc' dir='ltr'><strong>ἀνθρώπων</strong></span> <span class='ocrx_word' id='word_1_128' title='bbox 561 1912 702 1996; x_wconf 76' lang='grc' dir='ltr'><strong>διάφοροι</strong></span> <span class='ocrx_word' id='word_1_129' title='bbox 733 1911 880 1974; x_wconf 82' lang='grc' dir='ltr'><strong>πολιτεῖαι</strong></span> <span class='ocrx_word' id='word_1_130' title='bbox 901 1916 956 1974; x_wconf 89' lang='grc' dir='ltr'><strong>καί</strong></span> <span class='ocrx_word' id='word_1_131' title='bbox 978 1911 1010 1974; x_wconf 80' lang='grc' dir='ltr'><strong>αἱ</strong></span> <span class='ocrx_word' id='word_1_132' title='bbox 1041 1919 1247 1988; x_wconf 71' lang='grc' dir='ltr'><strong>καταστάσεις</strong></span> <span class='ocrx_word' id='word_1_133' title='bbox 1280 1921 1335 1980; x_wconf 90' lang='grc' dir='ltr'><strong>καί</strong></span> 
     </span>
     <span class='ocr_line' id='line_1_15' title="bbox 116 2029 1335 2112; baseline -0.011 -16"><span class='ocrx_word' id='word_1_134' title='bbox 116 2030 224 2106; x_wconf 73' lang='grc' dir='ltr'><strong>άπλῶς</strong></span> <span class='ocrx_word' id='word_1_135' title='bbox 248 2031 343 2095; x_wconf 76' lang='grc' dir='ltr'><strong>εἰπεῖν</strong></span> <span class='ocrx_word' id='word_1_136' title='bbox 364 2041 451 2093; x_wconf 81' lang='grc' dir='ltr'><strong>πᾶσα</strong></span> <span class='ocrx_word' id='word_1_137' title='bbox 470 2029 558 2100; x_wconf 87' lang='grc' dir='ltr'><strong>πόλις</strong></span> <span class='ocrx_word' id='word_1_138' title='bbox 579 2031 633 2090; x_wconf 88' lang='grc' dir='ltr'><strong>καί</strong></span> <span class='ocrx_word' id='word_1_139' title='bbox 654 2030 741 2111; x_wconf 83' lang='grc' dir='ltr'><strong>χύρα</strong></span> <span class='ocrx_word' id='word_1_140' title='bbox 763 2037 817 2110; x_wconf 81' lang='grc' dir='ltr'><strong>τῆς</strong></span> <span class='ocrx_word' id='word_1_141' title='bbox 842 2029 1038 2112; x_wconf 88' lang='grc' dir='ltr'><strong>δικαιοσύνης</strong></span> <span class='ocrx_word' id='word_1_142' title='bbox 1069 2033 1218 2106; x_wconf 82' lang='grc' dir='ltr'><strong>καθάπαξ</strong></span> <span class='ocrx_word' id='word_1_143' title='bbox 1244 2031 1335 2097; x_wconf 65' lang='grc' dir='ltr'><strong>ἀντ..</strong></span> 
     </span>
     <span class='ocr_line' id='line_1_16' title="bbox 114 2143 1335 2238; baseline -0.002 -24"><span class='ocrx_word' id='word_1_144' title='bbox 114 2155 238 2235; x_wconf 77' lang='grc' dir='ltr'><strong>χομόνη</strong></span> <span class='ocrx_word' id='word_1_145' title='bbox 262 2159 364 2231; x_wconf 76' lang='grc' dir='ltr'><strong>τεῖχος</strong></span> <span class='ocrx_word' id='word_1_146' title='bbox 387 2145 481 2234; x_wconf 70' lang='grc' dir='ltr'><strong>ἑαυτῇ</strong></span> <span class='ocrx_word' id='word_1_147' title='bbox 502 2151 660 2228; x_wconf 76' lang='grc' dir='ltr'><strong>παρίστησι</strong></span> <span class='ocrx_word' id='word_1_148' title='bbox 682 2151 734 2206; x_wconf 87' lang='grc' dir='ltr'><strong>τού</strong></span> <span class='ocrx_word' id='word_1_149' title='bbox 756 2155 813 2206; x_wconf 91' lang='grc' dir='ltr'><strong>τῶν</strong></span> <span class='ocrx_word' id='word_1_150' title='bbox 832 2143 1033 2238; x_wconf 81' lang='grc' dir='ltr'><strong>Βαβυλωνίαν</strong></span> <span class='ocrx_word' id='word_1_151' title='bbox 1053 2151 1242 2231; x_wconf 86' lang='grc' dir='ltr'><strong>σεμνότερον,</strong></span> <span class='ocrx_word' id='word_1_152' title='bbox 1265 2151 1335 2222; x_wconf 87' lang='grc' dir='ltr'><strong>τούς</strong></span> 
     </span>
     <span class='ocr_line' id='line_1_17' title="bbox 117 2262 1337 2350; baseline -0.002 -19"><span class='ocrx_word' id='word_1_153' title='bbox 117 2269 248 2338; x_wconf 77' lang='grc' dir='ltr'><strong>ἀδίκους</strong></span> <span class='ocrx_word' id='word_1_154' title='bbox 281 2270 336 2328; x_wconf 88' lang='grc' dir='ltr'><strong>καί</strong></span> <span class='ocrx_word' id='word_1_155' title='bbox 367 2266 531 2347; x_wconf 83' lang='grc' dir='ltr'><strong>πολεμίους</strong></span> <span class='ocrx_word' id='word_1_156' title='bbox 553 2262 589 2326; x_wconf 76' lang='grc' dir='ltr'><strong>ίκ</strong></span> <span class='ocrx_word' id='word_1_157' title='bbox 611 2263 718 2324; x_wconf 90' lang='grc' dir='ltr'><strong>τούτου</strong></span> <span class='ocrx_word' id='word_1_158' title='bbox 740 2262 844 2332; x_wconf 86' lang='grc' dir='ltr'><strong>καλῶς</strong></span> <span class='ocrx_word' id='word_1_159' title='bbox 871 2263 1043 2346; x_wconf 85' lang='grc' dir='ltr'><strong>ἀμύνεσθαι</strong></span> <span class='ocrx_word' id='word_1_160' title='bbox 1075 2265 1237 2350; x_wconf 66' lang='grc' dir='ltr'><strong>δυναμένη.</strong></span> <span class='ocrx_word' id='word_1_161' title='bbox 1271 2266 1337 2330; x_wconf 75' lang='grc' dir='ltr'><strong>ίπτί</strong></span> 
     </span>
     <span class='ocr_line' id='line_1_18' title="bbox 118 2377 1338 2468; baseline -0.002 -20"><span class='ocrx_word' id='word_1_162' title='bbox 118 2391 219 2450; x_wconf 87' lang='grc' dir='ltr'><strong>τοίνυν</strong></span> <span class='ocrx_word' id='word_1_163' title='bbox 253 2391 390 2448; x_wconf 79' lang='grc' dir='ltr'><strong>τοιοῦτον</strong></span> <span class='ocrx_word' id='word_1_164' title='bbox 423 2378 569 2468; x_wconf 84' lang='grc' dir='ltr'><strong>ύπιρρυίς</strong></span> <span class='ocrx_word' id='word_1_165' title='bbox 602 2401 634 2441; x_wconf 85' lang='grc' dir='ltr'><strong>τι</strong></span> <span class='ocrx_word' id='word_1_166' title='bbox 655 2377 710 2442; x_wconf 75' lang='grc' dir='ltr'><strong>καί</strong></span> <span class='ocrx_word' id='word_1_167' title='bbox 731 2381 816 2442; x_wconf 79' lang='grc' dir='ltr'><strong>θεῖον</strong></span> <span class='ocrx_word' id='word_1_168' title='bbox 839 2377 855 2441; x_wconf 82' lang='grc' dir='ltr'><strong>ό</strong></span> <span class='ocrx_word' id='word_1_169' title='bbox 878 2382 969 2456; x_wconf 88' lang='grc' dir='ltr'><strong>λόγος</strong></span> <span class='ocrx_word' id='word_1_170' title='bbox 992 2383 1026 2442; x_wconf 88' lang='grc' dir='ltr'><strong>τό</strong></span> <span class='ocrx_word' id='word_1_171' title='bbox 1053 2389 1107 2464; x_wconf 78' lang='grc' dir='ltr'><strong>τῆς</strong></span> <span class='ocrx_word' id='word_1_172' title='bbox 1140 2383 1338 2468; x_wconf 85' lang='grc' dir='ltr'><strong>δικαιοσύνης</strong></span> 
     </span>
     <span class='ocr_line' id='line_1_19' title="bbox 119 2495 1337 2590; baseline -0.001 -23"><span class='ocrx_word' id='word_1_173' title='bbox 119 2501 261 2575; x_wconf 82' lang='grc' dir='ltr'><strong>ἀκίδιιξι</strong></span> <span class='ocrx_word' id='word_1_174' title='bbox 282 2509 399 2585; x_wconf 83' lang='grc' dir='ltr'><strong>χρῆμα,</strong></span> <span class='ocrx_word' id='word_1_175' title='bbox 422 2499 588 2564; x_wconf 87' lang='grc' dir='ltr'><strong>ἀνθικτίον</strong></span> <span class='ocrx_word' id='word_1_176' title='bbox 611 2495 648 2560; x_wconf 87' lang='grc' dir='ltr'><strong>ἀν</strong></span> <span class='ocrx_word' id='word_1_177' title='bbox 670 2497 718 2581; x_wconf 83' lang='grc' dir='ltr'><strong>τίη</strong></span> <span class='ocrx_word' id='word_1_178' title='bbox 741 2499 836 2581; x_wconf 85' lang='grc' dir='ltr'><strong>ταύτη</strong></span> <span class='ocrx_word' id='word_1_179' title='bbox 858 2503 912 2560; x_wconf 88' lang='grc' dir='ltr'><strong>καί</strong></span> <span class='ocrx_word' id='word_1_180' title='bbox 930 2505 1103 2580; x_wconf 83' lang='grc' dir='ltr'><strong>περιεκτίον</strong></span> <span class='ocrx_word' id='word_1_181' title='bbox 1117 2505 1203 2586; x_wconf 76' lang='grc' dir='ltr'><strong>πάσῃ</strong></span> <span class='ocrx_word' id='word_1_182' title='bbox 1218 2505 1337 2590; x_wconf 73' lang='grc' dir='ltr'><strong>σπουδῇ</strong></span> 
     </span>
     <span class='ocr_line' id='line_1_20' title="bbox 117 2611 1338 2705; baseline -0.002 -19"><span class='ocrx_word' id='word_1_183' title='bbox 117 2626 174 2686; x_wconf 89' lang='grc' dir='ltr'><strong>καί</strong></span> <span class='ocrx_word' id='word_1_184' title='bbox 209 2623 357 2703; x_wconf 78' lang='grc' dir='ltr'><strong>ίητηιόον</strong></span> <span class='ocrx_word' id='word_1_185' title='bbox 378 2619 437 2698; x_wconf 88' lang='grc' dir='ltr'><strong>πρό</strong></span> <span class='ocrx_word' id='word_1_186' title='bbox 458 2619 576 2680; x_wconf 85' lang='grc' dir='ltr'><strong>πάντῶν</strong></span> <span class='ocrx_word' id='word_1_187' title='bbox 599 2619 685 2692; x_wconf 83' lang='grc' dir='ltr'><strong>γόνος</strong></span> <span class='ocrx_word' id='word_1_188' title='bbox 708 2613 788 2678; x_wconf 78' lang='grc' dir='ltr'><strong>ἅπαν</strong></span> <span class='ocrx_word' id='word_1_189' title='bbox 813 2620 867 2679; x_wconf 85' lang='grc' dir='ltr'><strong>καί</strong></span> <span class='ocrx_word' id='word_1_190' title='bbox 892 2611 1015 2700; x_wconf 80' lang='grc' dir='ltr'><strong>ἡλικίαν</strong></span> <span class='ocrx_word' id='word_1_191' title='bbox 1037 2615 1170 2696; x_wconf 80' lang='grc' dir='ltr'><strong>ἅπασαν,</strong></span> <span class='ocrx_word' id='word_1_192' title='bbox 1192 2624 1338 2705; x_wconf 85' lang='grc' dir='ltr'><strong>καθάπτρ</strong></span> 
     </span>
     <span class='ocr_line' id='line_1_21' title="bbox 119 2731 1337 2822; baseline 0 -22"><span class='ocrx_word' id='word_1_193' title='bbox 119 2760 148 2802; x_wconf 85' lang='grc' dir='ltr'><strong>τι</strong></span> <span class='ocrx_word' id='word_1_194' title='bbox 170 2747 235 2822; x_wconf 77' lang='grc' dir='ltr'><strong>φῶς</strong></span> <span class='ocrx_word' id='word_1_195' title='bbox 257 2739 313 2798; x_wconf 85' lang='grc' dir='ltr'><strong>καί</strong></span> <span class='ocrx_word' id='word_1_196' title='bbox 335 2737 465 2817; x_wconf 76' lang='grc' dir='ltr'><strong>ζατικην</strong></span> <span class='ocrx_word' id='word_1_197' title='bbox 487 2751 552 2796; x_wconf 86' lang='grc' dir='ltr'><strong>τινα</strong></span> <span class='ocrx_word' id='word_1_198' title='bbox 574 2733 699 2814; x_wconf 88' lang='grc' dir='ltr'><strong>δύναμιν</strong></span> <span class='ocrx_word' id='word_1_199' title='bbox 721 2740 774 2795; x_wconf 83' lang='grc' dir='ltr'><strong>τού</strong></span> <span class='ocrx_word' id='word_1_200' title='bbox 796 2741 848 2817; x_wconf 78' lang='grc' dir='ltr'><strong>τῆς</strong></span> <span class='ocrx_word' id='word_1_201' title='bbox 870 2734 1066 2818; x_wconf 86' lang='grc' dir='ltr'><strong>δικαιοσύνης</strong></span> <span class='ocrx_word' id='word_1_202' title='bbox 1081 2731 1170 2819; x_wconf 82' lang='grc' dir='ltr'><strong>ἡλίου</strong></span> <span class='ocrx_word' id='word_1_203' title='bbox 1183 2757 1337 2820; x_wconf 76' lang='grc' dir='ltr'><strong>προερχο-</strong></span> 
     </span>
     <span class='ocr_line' id='line_1_22' title="bbox 121 2849 1339 2939; baseline 0.001 -22"><span class='ocrx_word' id='word_1_204' title='bbox 121 2859 217 2939; x_wconf 83' lang='grc' dir='ltr'><strong>μόνην</strong></span> <span class='ocrx_word' id='word_1_205' title='bbox 239 2852 284 2924; x_wconf 82' lang='grc' dir='ltr'><strong>τίς</strong></span> <span class='ocrx_word' id='word_1_206' title='bbox 305 2855 343 2915; x_wconf 87' lang='grc' dir='ltr'><strong>τά</strong></span> <span class='ocrx_word' id='word_1_207' title='bbox 365 2859 419 2915; x_wconf 87' lang='grc' dir='ltr'><strong>τού</strong></span> <span class='ocrx_word' id='word_1_208' title='bbox 441 2855 560 2933; x_wconf 83' lang='grc' dir='ltr'><strong>κόσμου</strong></span> <span class='ocrx_word' id='word_1_209' title='bbox 580 2851 783 2933; x_wconf 75' lang='grc' dir='ltr'><strong>πληρώματα,</strong></span> <span class='ocrx_word' id='word_1_210' title='bbox 808 2849 863 2913; x_wconf 86' lang='grc' dir='ltr'><strong>καὶ</strong></span> <span class='ocrx_word' id='word_1_211' title='bbox 883 2855 982 2914; x_wconf 86' lang='grc' dir='ltr'><strong>πάντα</strong></span> <span class='ocrx_word' id='word_1_212' title='bbox 1002 2862 1262 2936; x_wconf 83' lang='grc' dir='ltr'><strong>κατακοσμούσαν</strong></span> <span class='ocrx_word' id='word_1_213' title='bbox 1284 2860 1339 2918; x_wconf 87' lang='grc' dir='ltr'><strong>καί</strong></span> 
     </span>
     <span class='ocr_line' id='line_1_23' title="bbox 119 2965 1337 3056; baseline 0 -20"><span class='ocrx_word' id='word_1_214' title='bbox 119 2975 305 3056; x_wconf 83' lang='grc' dir='ltr'><strong>θάλπουσαν</strong></span> <span class='ocrx_word' id='word_1_215' title='bbox 327 2973 381 3032; x_wconf 85' lang='grc' dir='ltr'><strong>καί</strong></span> <span class='ocrx_word' id='word_1_216' title='bbox 402 2977 456 3052; x_wconf 78' lang='grc' dir='ltr'><strong>τῆς</strong></span> <span class='ocrx_word' id='word_1_217' title='bbox 478 2977 636 3051; x_wconf 85' lang='grc' dir='ltr'><strong>σκοτιινῆς</strong></span> <span class='ocrx_word' id='word_1_218' title='bbox 659 2965 784 3041; x_wconf 86' lang='grc' dir='ltr'><strong>ἀταξίας</strong></span> <span class='ocrx_word' id='word_1_219' title='bbox 805 2989 838 3030; x_wconf 83' lang='grc' dir='ltr'><strong>τι</strong></span> <span class='ocrx_word' id='word_1_220' title='bbox 859 2971 912 3031; x_wconf 88' lang='grc' dir='ltr'><strong>καί</strong></span> <span class='ocrx_word' id='word_1_221' title='bbox 931 2971 1108 3052; x_wconf 84' lang='grc' dir='ltr'><strong>συγχύσεως</strong></span> <span class='ocrx_word' id='word_1_222' title='bbox 1124 2969 1337 3037; x_wconf 82' lang='grc' dir='ltr'><strong>ἀπαλλάττου-</strong></span> 
     </span>
     <span class='ocr_line' id='line_1_24' title="bbox 120 3081 1338 3173; baseline -0.002 -19"><span class='ocrx_word' id='word_1_223' title='bbox 120 3109 189 3164; x_wconf 90' lang='grc' dir='ltr'><strong>σαν,</strong></span> <span class='ocrx_word' id='word_1_224' title='bbox 213 3083 275 3171; x_wconf 77' lang='grc' dir='ltr'><strong>οὐχ</strong></span> <span class='ocrx_word' id='word_1_225' title='bbox 295 3083 410 3169; x_wconf 90' lang='grc' dir='ltr'><strong>ἥκιστα</strong></span> <span class='ocrx_word' id='word_1_226' title='bbox 432 3086 466 3147; x_wconf 74' lang='grc' dir='ltr'><strong>δὲ</strong></span> <span class='ocrx_word' id='word_1_227' title='bbox 489 3085 558 3156; x_wconf 84' lang='grc' dir='ltr'><strong>τούς</strong></span> <span class='ocrx_word' id='word_1_228' title='bbox 580 3081 678 3146; x_wconf 68' lang='grc' dir='ltr'><strong>ἐθνῶν</strong></span> <span class='ocrx_word' id='word_1_229' title='bbox 700 3105 733 3145; x_wconf 86' lang='grc' dir='ltr'><strong>τε</strong></span> <span class='ocrx_word' id='word_1_230' title='bbox 755 3089 810 3146; x_wconf 88' lang='grc' dir='ltr'><strong>καί</strong></span> <span class='ocrx_word' id='word_1_231' title='bbox 834 3087 951 3147; x_wconf 83' lang='grc' dir='ltr'><strong>πόλεων</strong></span> <span class='ocrx_word' id='word_1_232' title='bbox 985 3085 1083 3170; x_wconf 75' lang='grc' dir='ltr'><strong>ἀρχὴν</strong></span> <span class='ocrx_word' id='word_1_233' title='bbox 1105 3085 1338 3173; x_wconf 75' lang='grc' dir='ltr'><strong>δγκιχτιρισμό·</strong></span> 
     </span>
     <span class='ocr_line' id='line_1_25' title="bbox 119 3201 1337 3292; baseline -0.001 -22"><span class='ocrx_word' id='word_1_234' title='bbox 119 3227 192 3282; x_wconf 86' lang='grc' dir='ltr'><strong>νορς</strong></span> <span class='ocrx_word' id='word_1_235' title='bbox 213 3209 270 3268; x_wconf 87' lang='grc' dir='ltr'><strong>καί</strong></span> <span class='ocrx_word' id='word_1_236' title='bbox 290 3207 488 3287; x_wconf 89' lang='grc' dir='ltr'><strong>προστασίαν,</strong></span> <span class='ocrx_word' id='word_1_237' title='bbox 511 3201 589 3263; x_wconf 89' lang='grc' dir='ltr'><strong>διότι</strong></span> <span class='ocrx_word' id='word_1_238' title='bbox 610 3203 754 3284; x_wconf 89' lang='grc' dir='ltr'><strong>καθάπερ</strong></span> <span class='ocrx_word' id='word_1_239' title='bbox 776 3211 841 3272; x_wconf 84' lang='grc' dir='ltr'><strong>ταίς</strong></span> <span class='ocrx_word' id='word_1_240' title='bbox 874 3201 983 3292; x_wconf 79' lang='grc' dir='ltr'><strong>ἀλλοις</strong></span> <span class='ocrx_word' id='word_1_241' title='bbox 1006 3201 1186 3288; x_wconf 71' lang='grc' dir='ltr'><strong>ἐπιστήμαις</strong></span> <span class='ocrx_word' id='word_1_242' title='bbox 1208 3211 1263 3269; x_wconf 89' lang='grc' dir='ltr'><strong>καί</strong></span> <span class='ocrx_word' id='word_1_243' title='bbox 1285 3211 1337 3269; x_wconf 83' lang='grc' dir='ltr'><strong>τί·</strong></span> 
     </span>
     <span class='ocr_line' id='line_1_26' title="bbox 119 3294 1337 3410; baseline 0.001 -23"><span class='ocrx_word' id='word_1_244' title='bbox 119 3343 211 3410; x_wconf 84' lang='grc' dir='ltr'><strong>χναις</strong></span> <span class='ocrx_word' id='word_1_245' title='bbox 232 3294 432 3404; x_wconf 84' lang='grc' dir='ltr'><strong>κατάλληλός</strong></span> <span class='ocrx_word' id='word_1_246' title='bbox 455 3316 535 3382; x_wconf 80' lang='grc' dir='ltr'><strong>ίστιν</strong></span> <span class='ocrx_word' id='word_1_247' title='bbox 557 3315 687 3401; x_wconf 80' lang='grc' dir='ltr'><strong>λργασία</strong></span> <span class='ocrx_word' id='word_1_248' title='bbox 708 3321 761 3380; x_wconf 89' lang='grc' dir='ltr'><strong>καί</strong></span> <span class='ocrx_word' id='word_1_249' title='bbox 780 3321 895 3401; x_wconf 79' lang='grc' dir='ltr'><strong>πρᾶξις,</strong></span> <span class='ocrx_word' id='word_1_250' title='bbox 927 3323 1002 3403; x_wconf 86' lang='grc' dir='ltr'><strong>πρός</strong></span> <span class='ocrx_word' id='word_1_251' title='bbox 1028 3324 1063 3383; x_wconf 86' lang='grc' dir='ltr'><strong>τό</strong></span> <span class='ocrx_word' id='word_1_252' title='bbox 1082 3322 1162 3384; x_wconf 80' lang='grc' dir='ltr'><strong>ἴδιον</strong></span> <span class='ocrx_word' id='word_1_253' title='bbox 1194 3326 1281 3395; x_wconf 77' lang='grc' dir='ltr'><strong>πόλος</strong></span> <span class='ocrx_word' id='word_1_254' title='bbox 1303 3327 1337 3388; x_wconf 85' lang='grc' dir='ltr'><strong>τό</strong></span> 
     </span>
     <span class='ocr_line' id='line_1_27' title="bbox 121 3429 1339 3524; baseline -0.001 -19"><span class='ocrx_word' id='word_1_255' title='bbox 121 3440 235 3524; x_wconf 78' lang='grc' dir='ltr'><strong>ύαυτῆς</strong></span> <span class='ocrx_word' id='word_1_256' title='bbox 257 3437 347 3521; x_wconf 73' lang='grc' dir='ltr'><strong>ἔργον</strong></span> <span class='ocrx_word' id='word_1_257' title='bbox 368 3439 561 3519; x_wconf 75' lang='grc' dir='ltr'><strong>προάγουσα,</strong></span> <span class='ocrx_word' id='word_1_258' title='bbox 595 3429 673 3498; x_wconf 79' lang='grc' dir='ltr'><strong>ούτοο</strong></span> <span class='ocrx_word' id='word_1_259' title='bbox 694 3435 732 3517; x_wconf 78' lang='grc' dir='ltr'><strong>δη</strong></span> <span class='ocrx_word' id='word_1_260' title='bbox 754 3445 791 3517; x_wconf 77' lang='grc' dir='ltr'><strong>τῇ</strong></span> <span class='ocrx_word' id='word_1_261' title='bbox 813 3444 866 3498; x_wconf 85' lang='grc' dir='ltr'><strong>τού</strong></span> <span class='ocrx_word' id='word_1_262' title='bbox 889 3435 995 3520; x_wconf 83' lang='grc' dir='ltr'><strong>ἀρχειν</strong></span> <span class='ocrx_word' id='word_1_263' title='bbox 1022 3437 1173 3522; x_wconf 70' lang='grc' dir='ltr'><strong>ἐπιστήμη</strong></span> <span class='ocrx_word' id='word_1_264' title='bbox 1207 3441 1339 3521; x_wconf 69' lang='grc' dir='ltr'><strong>ἐργασία</strong></span> 
     </span>
     <span class='ocr_line' id='line_1_28' title="bbox 123 3551 1337 3643; baseline 0 -24"><span class='ocrx_word' id='word_1_265' title='bbox 123 3565 178 3643; x_wconf 84' lang='grc' dir='ltr'><strong>μίν</strong></span> <span class='ocrx_word' id='word_1_266' title='bbox 201 3555 284 3620; x_wconf 75' lang='grc' dir='ltr'><strong>ἀστιν</strong></span> <span class='ocrx_word' id='word_1_267' title='bbox 304 3551 326 3639; x_wconf 78' lang='grc' dir='ltr'><strong>ἡ</strong></span> <span class='ocrx_word' id='word_1_268' title='bbox 347 3555 538 3636; x_wconf 91' lang='grc' dir='ltr'><strong>δικαιοσύνη,</strong></span> <span class='ocrx_word' id='word_1_269' title='bbox 561 3553 648 3638; x_wconf 77' lang='grc' dir='ltr'><strong>τύλος</strong></span> <span class='ocrx_word' id='word_1_270' title='bbox 669 3553 704 3612; x_wconf 80' lang='grc' dir='ltr'><strong>δί</strong></span> <span class='ocrx_word' id='word_1_271' title='bbox 726 3552 838 3635; x_wconf 88' lang='grc' dir='ltr'><strong>ταύτης</strong></span> <span class='ocrx_word' id='word_1_272' title='bbox 859 3556 914 3615; x_wconf 91' lang='grc' dir='ltr'><strong>καί</strong></span> <span class='ocrx_word' id='word_1_273' title='bbox 935 3553 999 3617; x_wconf 92' lang='grc' dir='ltr'><strong>οίον</strong></span> <span class='ocrx_word' id='word_1_274' title='bbox 1033 3553 1124 3618; x_wconf 84' lang='grc' dir='ltr'><strong>ιίιτεῑν</strong></span> <span class='ocrx_word' id='word_1_275' title='bbox 1145 3559 1265 3638; x_wconf 87' lang='grc' dir='ltr'><strong>καρπός</strong></span> <span class='ocrx_word' id='word_1_276' title='bbox 1279 3569 1337 3620; x_wconf 89' lang='grc' dir='ltr'><strong>τῶν</strong></span> 
     </span>
     <span class='ocr_line' id='line_1_29' title="bbox 122 3667 1379 3760; baseline -0.004 -20"><span class='ocrx_word' id='word_1_277' title='bbox 122 3677 273 3760; x_wconf 67' lang='grc' dir='ltr'><strong>καμάτων</strong></span> <span class='ocrx_word' id='word_1_278' title='bbox 295 3675 331 3736; x_wconf 89' lang='grc' dir='ltr'><strong>τό</strong></span> <span class='ocrx_word' id='word_1_279' title='bbox 352 3681 418 3734; x_wconf 76' lang='grc' dir='ltr'><strong>τῶνι</strong></span> <span class='ocrx_word' id='word_1_280' title='bbox 434 3667 575 3754; x_wconf 75' lang='grc' dir='ltr'><strong>ύπηκόσν</strong></span> <span class='ocrx_word' id='word_1_281' title='bbox 597 3667 746 3751; x_wconf 78' lang='grc' dir='ltr'><strong>εἰρηνικόν</strong></span> <span class='ocrx_word' id='word_1_282' title='bbox 768 3673 875 3731; x_wconf 81' lang='grc' dir='ltr'><strong>τεκαὶ</strong></span> <span class='ocrx_word' id='word_1_283' title='bbox 897 3667 1112 3748; x_wconf 77' lang='grc' dir='ltr'><strong>ἀστασίαστον,</strong></span> <span class='ocrx_word' id='word_1_284' title='bbox 1135 3670 1236 3754; x_wconf 79' lang='grc' dir='ltr'><strong>ῶσπερ</strong></span> <span class='ocrx_word' id='word_1_285' title='bbox 1259 3673 1338 3757; x_wconf 80' lang='grc' dir='ltr'><strong>ἀμί-</strong></span> <span class='ocrx_word' id='word_1_286' title='bbox 1377 3677 1379 3682; x_wconf 85' lang='grc'><strong>’</strong></span> 
     </span>
     <span class='ocr_line' id='line_1_30' title="bbox 123 3783 1339 3876; baseline -0.002 -18"><span class='ocrx_word' id='word_1_287' title='bbox 123 3796 174 3858; x_wconf 82' lang='grc' dir='ltr'><strong>λιι</strong></span> <span class='ocrx_word' id='word_1_288' title='bbox 196 3804 259 3864; x_wconf 85' lang='grc' dir='ltr'><strong>τοίς</strong></span> <span class='ocrx_word' id='word_1_289' title='bbox 282 3799 427 3872; x_wconf 77' lang='grc' dir='ltr'><strong>γιιοργοίς</strong></span> <span class='ocrx_word' id='word_1_290' title='bbox 449 3788 537 3858; x_wconf 77' lang='grc' dir='ltr'><strong>τύλος</strong></span> <span class='ocrx_word' id='word_1_291' title='bbox 560 3790 613 3868; x_wconf 76' lang='grc' dir='ltr'><strong>μίν</strong></span> <span class='ocrx_word' id='word_1_292' title='bbox 636 3783 715 3848; x_wconf 69' lang='grc' dir='ltr'><strong>ἔστιν</strong></span> <span class='ocrx_word' id='word_1_293' title='bbox 737 3783 756 3868; x_wconf 78' lang='grc' dir='ltr'>ἡ</span> <span class='ocrx_word' id='word_1_294' title='bbox 779 3794 831 3847; x_wconf 89' lang='grc' dir='ltr'><strong>τού</strong></span> <span class='ocrx_word' id='word_1_295' title='bbox 855 3792 938 3848; x_wconf 89' lang='grc' dir='ltr'><strong>σίτου</strong></span> <span class='ocrx_word' id='word_1_296' title='bbox 964 3795 1019 3852; x_wconf 88' lang='grc' dir='ltr'><strong>καί</strong></span> <span class='ocrx_word' id='word_1_297' title='bbox 1045 3799 1103 3852; x_wconf 87' lang='grc' dir='ltr'><strong>τῶν</strong></span> <span class='ocrx_word' id='word_1_298' title='bbox 1137 3790 1238 3854; x_wconf 82' lang='grc' dir='ltr'><strong>ἄλλων</strong></span> <span class='ocrx_word' id='word_1_299' title='bbox 1260 3813 1339 3876; x_wconf 83' lang='grc' dir='ltr'><strong>καρ-</strong></span> 
     </span>
     <span class='ocr_line' id='line_1_31' title="bbox 123 3899 1341 3993; baseline 0.001 -18"><span class='ocrx_word' id='word_1_300' title='bbox 123 3922 188 3975; x_wconf 87' lang='grc' dir='ltr'><strong>πῶν</strong></span> <span class='ocrx_word' id='word_1_301' title='bbox 211 3905 349 3993; x_wconf 80' lang='grc' dir='ltr'><strong>ιύρορία,</strong></span> <span class='ocrx_word' id='word_1_302' title='bbox 372 3906 510 3988; x_wconf 74' lang='grc' dir='ltr'><strong>όνόργιια</strong></span> <span class='ocrx_word' id='word_1_303' title='bbox 531 3905 565 3966; x_wconf 80' lang='grc' dir='ltr'><strong>δί</strong></span> <span class='ocrx_word' id='word_1_304' title='bbox 587 3899 607 3985; x_wconf 82' lang='grc' dir='ltr'><strong>ἡ</strong></span> <span class='ocrx_word' id='word_1_305' title='bbox 630 3912 683 3987; x_wconf 79' lang='grc' dir='ltr'><strong>τῆς</strong></span> <span class='ocrx_word' id='word_1_306' title='bbox 705 3912 761 3985; x_wconf 78' lang='grc' dir='ltr'><strong>γῆς</strong></span> <span class='ocrx_word' id='word_1_307' title='bbox 783 3901 921 3984; x_wconf 73' lang='grc' dir='ltr'><strong>ίργαυία.</strong></span> <span class='ocrx_word' id='word_1_308' title='bbox 956 3905 1023 3968; x_wconf 85' lang='grc' dir='ltr'><strong>ἀλλ’</strong></span> <span class='ocrx_word' id='word_1_309' title='bbox 1057 3909 1123 3972; x_wconf 75' lang='grc' dir='ltr'><strong>λιταί</strong></span> <span class='ocrx_word' id='word_1_310' title='bbox 1144 3921 1197 3973; x_wconf 88' lang='grc' dir='ltr'><strong>τού</strong></span> <span class='ocrx_word' id='word_1_311' title='bbox 1219 3913 1341 3977; x_wconf 91' lang='grc' dir='ltr'><strong>δικαίου</strong></span> 
     </span>
     <span class='ocr_line' id='line_1_32' title="bbox 123 4017 1342 4109; baseline 0.002 -19"><span class='ocrx_word' id='word_1_312' title='bbox 123 4029 158 4091; x_wconf 81' lang='grc' dir='ltr'><strong>τό</strong></span> <span class='ocrx_word' id='word_1_313' title='bbox 182 4030 238 4109; x_wconf 66' lang='grc' dir='ltr'><strong>μὲν</strong></span> <span class='ocrx_word' id='word_1_314' title='bbox 259 4027 334 4108; x_wconf 83' lang='grc' dir='ltr'><strong>πρός</strong></span> <span class='ocrx_word' id='word_1_315' title='bbox 355 4026 441 4097; x_wconf 84' lang='grc' dir='ltr'><strong>θεόν,</strong></span> <span class='ocrx_word' id='word_1_316' title='bbox 464 4023 498 4084; x_wconf 87' lang='grc' dir='ltr'><strong>τύ</strong></span> <span class='ocrx_word' id='word_1_317' title='bbox 520 4023 554 4082; x_wconf 82' lang='grc' dir='ltr'><strong>δλ</strong></span> <span class='ocrx_word' id='word_1_318' title='bbox 576 4022 650 4102; x_wconf 80' lang='grc' dir='ltr'><strong>πρὸς</strong></span> <span class='ocrx_word' id='word_1_319' title='bbox 673 4017 851 4101; x_wconf 72' lang='grc' dir='ltr'><strong>ἀνθρώπους</strong></span> <span class='ocrx_word' id='word_1_320' title='bbox 877 4019 1032 4100; x_wconf 88' lang='grc' dir='ltr'><strong>ἀνοίγεται,</strong></span> <span class='ocrx_word' id='word_1_321' title='bbox 1056 4027 1089 4088; x_wconf 85' lang='grc' dir='ltr'><strong>τύ</strong></span> <span class='ocrx_word' id='word_1_322' title='bbox 1116 4029 1201 4090; x_wconf 80' lang='grc' dir='ltr'><strong>θείου</strong></span> <span class='ocrx_word' id='word_1_323' title='bbox 1222 4033 1342 4103; x_wconf 81' lang='grc' dir='ltr'><strong>πάντως</strong></span> 
     </span>
     <span class='ocr_line' id='line_1_33' title="bbox 125 4137 1342 4224; baseline 0 -16"><span class='ocrx_word' id='word_1_324' title='bbox 125 4156 184 4209; x_wconf 87' lang='grc' dir='ltr'><strong>τῶν</strong></span> <span class='ocrx_word' id='word_1_325' title='bbox 208 4141 405 4224; x_wconf 76' lang='grc' dir='ltr'><strong>ἀνθρωπίνυύν</strong></span> <span class='ocrx_word' id='word_1_326' title='bbox 426 4139 631 4221; x_wconf 75' lang='grc' dir='ltr'><strong>προηγεῖσθαι</strong></span> <span class='ocrx_word' id='word_1_327' title='bbox 653 4137 760 4218; x_wconf 83' lang='grc' dir='ltr'><strong>χρεῶν,</strong></span> <span class='ocrx_word' id='word_1_328' title='bbox 782 4147 898 4218; x_wconf 88' lang='grc' dir='ltr'><strong>πρῶτον</strong></span> <span class='ocrx_word' id='word_1_329' title='bbox 932 4143 996 4220; x_wconf 78' lang='grc' dir='ltr'><strong>μὲν,</strong></span> <span class='ocrx_word' id='word_1_330' title='bbox 1030 4138 1075 4203; x_wconf 83' lang='grc' dir='ltr'><strong>ὅτι</strong></span> <span class='ocrx_word' id='word_1_331' title='bbox 1108 4149 1146 4207; x_wconf 85' lang='grc' dir='ltr'><strong>τὰ</strong></span> <span class='ocrx_word' id='word_1_332' title='bbox 1179 4149 1252 4210; x_wconf 80' lang='grc' dir='ltr'><strong>θεία</strong></span> <span class='ocrx_word' id='word_1_333' title='bbox 1285 4159 1342 4210; x_wconf 88' lang='grc' dir='ltr'><strong>τῶν</strong></span> 
     </span>
     <span class='ocr_line' id='line_1_34' title="bbox 127 4246 1343 4345; baseline 0.002 -23"><span class='ocrx_word' id='word_1_334' title='bbox 127 4263 230 4328; x_wconf 78' lang='grc' dir='ltr'><strong>ἄλλων</strong></span> <span class='ocrx_word' id='word_1_335' title='bbox 264 4257 314 4321; x_wconf 83' lang='grc' dir='ltr'><strong>ἀεὶ</strong></span> <span class='ocrx_word' id='word_1_336' title='bbox 334 4259 551 4339; x_wconf 84' lang='grc' dir='ltr'><strong>τίροτιμότιρα,</strong></span> <span class='ocrx_word' id='word_1_337' title='bbox 584 4253 721 4334; x_wconf 81' lang='grc' dir='ltr'><strong>δεύτερον</strong></span> <span class='ocrx_word' id='word_1_338' title='bbox 744 4249 769 4312; x_wconf 81' lang='grc' dir='ltr'><strong>δ’</strong></span> <span class='ocrx_word' id='word_1_339' title='bbox 803 4249 849 4314; x_wconf 81' lang='grc' dir='ltr'><strong>ὅτι</strong></span> <span class='ocrx_word' id='word_1_340' title='bbox 870 4246 1017 4339; x_wconf 78' lang='grc' dir='ltr'><strong>καθάπερ</strong></span> <span class='ocrx_word' id='word_1_341' title='bbox 1039 4271 1100 4330; x_wconf 78' lang='grc' dir='ltr'><strong>τούς</strong></span> <span class='ocrx_word' id='word_1_342' title='bbox 1132 4277 1277 4345; x_wconf 82' lang='grc' dir='ltr'><strong>γεωργοῖς</strong></span> <span class='ocrx_word' id='word_1_343' title='bbox 1310 4285 1343 4328; x_wconf 87' lang='grc' dir='ltr'><strong>τε</strong></span> 
     </span>
     <span class='ocr_line' id='line_1_35' title="bbox 123 4367 1341 4465; baseline 0.004 -27"><span class='ocrx_word' id='word_1_344' title='bbox 123 4385 180 4444; x_wconf 69' lang='grc' dir='ltr'><strong>καί</strong></span> <span class='ocrx_word' id='word_1_345' title='bbox 201 4380 391 4465; x_wconf 79' lang='grc' dir='ltr'><strong>φυτηκόμοις</strong></span> <span class='ocrx_word' id='word_1_346' title='bbox 413 4367 539 4434; x_wconf 77' lang='grc' dir='ltr'><strong>δίκαιον</strong></span> <span class='ocrx_word' id='word_1_347' title='bbox 557 4369 593 4432; x_wconf 91' lang='grc' dir='ltr'><strong>ἀν</strong></span> <span class='ocrx_word' id='word_1_348' title='bbox 616 4369 662 4452; x_wconf 82' lang='grc' dir='ltr'><strong>εἴη</strong></span> <span class='ocrx_word' id='word_1_349' title='bbox 683 4371 740 4450; x_wconf 81' lang='grc' dir='ltr'><strong>πρὸ</strong></span> <span class='ocrx_word' id='word_1_350' title='bbox 763 4372 880 4431; x_wconf 82' lang='grc' dir='ltr'><strong>πάντων</strong></span> <span class='ocrx_word' id='word_1_351' title='bbox 903 4381 961 4433; x_wconf 90' lang='grc' dir='ltr'><strong>τῶν</strong></span> <span class='ocrx_word' id='word_1_352' title='bbox 981 4373 1101 4437; x_wconf 84' lang='grc' dir='ltr'><strong>οίκείυιν</strong></span> <span class='ocrx_word' id='word_1_353' title='bbox 1126 4382 1224 4440; x_wconf 81' lang='grc' dir='ltr'><strong>πόνων</strong></span> <span class='ocrx_word' id='word_1_354' title='bbox 1241 4379 1341 4463; x_wconf 85' lang='grc' dir='ltr'><strong>ἀπαρ·</strong></span> 
     </span>
    </p>
   </div>
   <div class='ocr_carea' id='block_1_3' title="bbox 123 4482 1341 4649">
    <p class='ocr_par' dir='ltr' id='par_1_3' title="bbox 123 4482 1341 4649">
     <span class='ocr_line' id='line_1_36' title="bbox 123 4482 1341 4580; baseline 0.016 -38"><span class='ocrx_word' id='word_1_355' title='bbox 123 4503 186 4580; x_wconf 65' lang='lat' dir='ltr'><strong>10*oe</strong></span> <span class='ocrx_word' id='word_1_356' title='bbox 219 4495 261 4577; x_wconf 60' lang='grc' dir='ltr'><strong>τῷ</strong></span> <span class='ocrx_word' id='word_1_357' title='bbox 291 4491 357 4576; x_wconf 65' lang='grc' dir='ltr'><strong>θεῷ</strong></span> <span class='ocrx_word' id='word_1_358' title='bbox 376 4491 602 4572; x_wconf 75' lang='grc' dir='ltr'><strong>προσκομίίειν,</strong></span> <span class='ocrx_word' id='word_1_359' title='bbox 636 4482 713 4548; x_wconf 85' lang='grc' dir='ltr'><strong>ούτοι</strong></span> <span class='ocrx_word' id='word_1_360' title='bbox 735 4487 773 4569; x_wconf 83' lang='grc' dir='ltr'><strong>δη</strong></span> <span class='ocrx_word' id='word_1_361' title='bbox 795 4492 849 4548; x_wconf 82' lang='grc' dir='ltr'><strong>καὶ</strong></span> <span class='ocrx_word' id='word_1_362' title='bbox 871 4501 932 4560; x_wconf 83' lang='grc' dir='ltr'><strong>τοῖς</strong></span> <span class='ocrx_word' id='word_1_363' title='bbox 958 4487 1090 4575; x_wconf 83' lang='grc' dir='ltr'><strong>ἡγεμόσι</strong></span> <span class='ocrx_word' id='word_1_364' title='bbox 1123 4500 1178 4557; x_wconf 88' lang='grc' dir='ltr'><strong>καί</strong></span> <span class='ocrx_word' id='word_1_365' title='bbox 1210 4495 1341 4580; x_wconf 81' lang='grc' dir='ltr'><strong>ἄρχουσι</strong></span> 
     </span>
     <span class='ocr_line' id='line_1_37' title="bbox 1122 4599 1153 4649; baseline 0 0"><span class='ocrx_word' id='word_1_366' title='bbox 1122 4599 1153 4649; x_wconf 80' lang='grc'><strong>36</strong></span> 
     </span>
    </p>
   </div>
   <div class='ocr_carea' id='block_1_4' title="bbox 0 0 1683 5266">
    <p class='ocr_par' dir='ltr' id='par_1_4' title="bbox 0 0 1683 5266">
     <span class='ocr_line' id='line_1_38' title="bbox 0 0 1683 5266; baseline 0 0"><span class='ocrx_word' id='word_1_367' title='bbox 0 0 1683 5266; x_wconf 95' lang='lat' dir='ltr'><strong> </strong></span> 
     </span>
    </p>
   </div>
  </div>
 </body>
</html>
