3258 5282
1254 291 1310 349 441

90 469 165 555 ίστε
190 467 308 536 εύειδία
322 474 462 558 Χριστοῦ.
485 483 538 537 τοῦ
560 483 632 552 γοῦν
656 477 744 538 θείου
767 477 974 558 βαπτίσματος
989 469 1067 534 ούτυι
1082 471 1313 554 παραδοθίντος

86 593 147 651 καί
173 593 362 675 τελουμένου
387 596 470 677 παρὰ
495 602 549 678 τῆς
574 593 743 677 ίκκλησίας
768 593 912 674 Χριστοῦ,
942 590 958 652 ύ
984 595 1067 674 παρὰ
1092 592 1146 673 τὴν
1173 591 1314 672 τοιαύτην

87 703 292 773 ὑποτύπωσιν
314 711 465 792 βαπτίζων
485 708 505 795 ἢ
529 713 747 794 βαπτιζόμενος
769 711 811 782 είς
835 717 905 793 μίαν
921 711 1086 772 κατάδυσιν
1107 707 1313 792 ἢπεριραντι-

91 831 236 910 ζύμενος
267 826 356 892 ύδατι
382 833 436 892 καί
461 825 556 900 ὀύτως
586 827 687 901 ἀτλῦς
713 835 779 903 καί,
809 827 850 900 ύις
877 828 980 911 ίτυγε,
1008 829 1101 890 τελῶν
1133 828 1167 888 τύ
1197 831 1315 887 τοιοῦτο

88 949 267 1030 μυστήριον
299 953 354 1010 καί
375 945 508 1032 χρίωνῆ
534 946 588 1010 καὶ
615 952 775 1031 χριόμενος
802 946 867 1009 ἀντί
892 956 944 1009 τοῦ
971 946 1060 1022 ἁγίου
1086 947 1193 1007 τούτου
1219 947 1314 1026 μύρου

89 1066 195 1146 μύρον
231 1075 289 1128 τῶν
315 1065 465 1148 λειψάνων
485 1074 539 1128 τοῦ
566 1064 655 1143 ἁγίου
680 1070 735 1130 καί
762 1065 883 1138 ἐνδόξου
909 1065 1180 1147 μεγαλομοίρτορος
1206 1065 1314 1146 Δημη-

90 1187 185 1262 τρίου
210 1181 231 1266 ἡ
254 1191 307 1244 τοῦ
330 1181 419 1260 ἀγίου
440 1184 611 1268 Βορβόρου,
634 1183 801 1255 ἀτυιοῦτος
815 1183 857 1253 ύις
873 1183 994 1246 ἀθετῶν
1011 1184 1168 1265 προδήλως
1191 1182 1244 1263 τὴν
1260 1180 1315 1242 ὲκ-

88 1301 328 1385 κλησιαῦτιιιην
348 1305 516 1385 παράδοσιν
531 1287 588 1366 ούκ
604 1303 673 1391 οἶδα
691 1309 780 1366 ποίαν
796 1295 963 1379 ἀπολογίαν
978 1305 1069 1363 δύσει
1085 1303 1117 1364 δν
1131 1299 1231 1385 ἡμίρη
1245 1305 1314 1382 κρί-

91 1439 177 1488 σεως
194 1419 238 1502 περ
254 1421 324 1503 θεῷ,
340 1419 360 1504 ἢ
375 1433 438 1494 πῶς
454 1421 629 1508 ἐκφεύξεται
651 1432 703 1506 της
717 1423 885 1494 κολάσεως,
901 1425 1040 1502 περὶτῶν
1055 1425 1245 1502 κυριωτάτων
1261 1429 1315 1503 τῆς

88 1542 233 1608 πίστεως
254 1537 407 1622 ἁμαρτόν.
434 1541 485 1602 διὰ
506 1549 594 1602 τοῦτο
621 1545 675 1602 καί
701 1539 805 1622 ἐπειδὴ
834 1538 869 1601 ἐκ
895 1531 1062 1622 θεοφιλοῦς
1089 1541 1211 1621 γνώμης
1238 1535 1315 1599 ἀνα·

90 1659 197 1739 φορὰν
222 1655 386 1740 ἀποιήσατε
408 1664 474 1740 περί
497 1661 608 1721 τούτων
631 1658 675 1730 είς
697 1659 750 1742 τὴν
775 1657 860 1744 ἡμῶν
887 1661 1069 1741 μετριότητα
1094 1661 1148 1718 καί
1174 1658 1227 1739 τὴν
1249 1660 1317 1736 περί

92 1769 195 1857 αύτὴν
220 1777 311 1839 θείαν
332 1781 386 1838 καί
409 1776 491 1858 ἱερὰν
514 1778 659 1850 σύνοδον,“
672 1776 713 1848 ὡς
737 1777 843 1860 ἄνδρες
865 1773 1024 1856 τύλαβείας
1039 1779 1093 1837 καί
1108 1773 1216 1858 ἀρετῆς
1233 1772 1317 1834 ἀντι·

91 1893 280 1975 ποιούμενοι
302 1893 425 1970 ἱκανῶς,
447 1899 501 1957 καί
526 1894 692 1977 χρῄζοντες
720 1897 853 1978 μάλιστα
880 1905 933 1978 τῆς
955 1892 1105 1978 ὠφελείας
1127 1903 1184 1955 τῶν
1207 1889 1317 1954 αύτόθι

93 2020 287 2093 χριυτιανῦν
301 2010 495 2096 Βουλγόρων,
517 2017 571 2075 καί
592 2011 653 2097 ἤδη
677 2014 803 2095 ἐλάβετε
826 2012 985 2098 ἐγγράφως
998 2014 1212 2096 πληροφορίαν
1228 2007 1317 2092 ἀναρ-

93 2133 255 2214 γεσττίτην
276 2133 444 2212 συνοδικως
464 2136 548 2215 παρὰ
570 2142 623 2217 τῆς
645 2129 730 2216 ἡμῶν
753 2135 947 2216 μετριότητος
969 2135 1023 2194 καί
1045 2109 1086 2201 ὣς
1108 2128 1138 2191 όν
1158 2127 1317 2215 κεφαλαίῳ

95 2245 333 2333 ίπιτομεετύτην
365 2252 568 2313 διδασκαλίαν
596 2259 650 2314 τοῦ
683 2261 792 2315 σεπτοῦ
826 2257 991 2334 μυστηρίου
1024 2252 1081 2312 τοῦΙ
1109 2235 1319 2332 ἀίυτηριύδους

97 2367 322 2450 βαπτίσματος,
346 2369 428 2451 εἴπερ
450 2369 537 2452 μόλει
558 2367 635 2452 ύμῖν,
658 2365 758 2452 ὥσπερ
784 2371 821 2452 δη
849 2373 902 2432 καί
929 2371 1027 2452 μέλει,
1052 2377 1104 2452 τῆς
1125 2377 1183 2428 τῶν
1197 2367 1317 2429 πολλῶν

95 2491 264 2568 σωτηρίας,
287 2487 467 2571 διεγέρθητε
488 2491 561 2570 πρός
584 2491 747 2551 νουθεσίαν
769 2493 823 2550 καί
845 2488 1048 2550 διδασκαλίαν
1075 2486 1129 2569 τὴν
1152 2489 1222 2568 περί
1244 2487 1316 2547 τού-

97 2623 152 2664 του
188 2601 233 2674 εἴς
259 2623 292 2666 τε
319 2605 389 2673 τοῦς
417 2601 506 2676 ὄντας
533 2602 644 2667 αύτόθι
671 2603 821 2687 ἀρχιερεῖς
847 2608 901 2667 καί
927 2605 970 2675 εἰς
996 2609 1111 2676 πάντας
1136 2604 1206 2674 τούς
1233 2601 1319 2684 ἱερεῖς

98 2729 158 2783 τῶν
174 2719 372 2805 Βυολγόρων,
394 2727 448 2784 καί
469 2724 611 2796 διδύξατε
634 2726 758 2796 τούτους
782 2724 917 2787 ίκτελείν
938 2726 973 2786 τύ
996 2726 1158 2807 μυστήριον
1180 2731 1233 2786 τοῦ
1256 2724 1316 2803 βα-

98 2843 271 2924 πτίσματος
293 2843 375 2902 κατὰ
397 2842 450 2923 τὴν
473 2837 659 2932 ὑποτύπωσιν
682 2852 735 2927 της
757 2841 926 2927 ίκκλησίας
947 2845 1035 2919 θεοῦ,
1057 2847 1111 2906 καί
1133 2833 1242 2911 καθὼς
1265 2837 1315 2902 ἀν-

99 2961 206 3020 ταῦθα
229 2955 271 3030 ὥς
293 2956 324 3022 θν
347 2957 475 3042 ίπιτομῄ
498 2966 681 3044 γέγραπται,
703 2967 757 3024 καί
779 2965 932 3042 βαπτίζειν
959 2962 1029 3050 τούς
1055 2962 1254 3043 τελουμίνυος
1276 2961 1319 3042 τῷ

99 3077 179 3157 θείην
202 3079 320 3160 λουτρῷ
339 3077 384 3148 είς
404 3089 483 3160 τρείς
504 3082 686 3152 καταδύσεις
708 3078 763 3142 καὶ
784 3078 815 3142 ἀν
839 3079 952 3160 ἀγγείῳ
974 3081 1083 3162 πλήρει
1102 3075 1214 3149 ύδατος
1238 3081 1317 3160 μετὰ

101 3187 220 3268 ἀλαίυυ,
241 3201 405 3280 περιχρίιιν
427 3217 460 3259 τε
483 3193 594 3268 αύτούς
618 3196 649 3261 όν
671 3195 754 3270 ύλοις
777 3208 838 3268 τοῦς
861 3199 967 3278 μίλεσι
992 3199 1034 3280 τῷ
1047 3200 1124 3280 θείῳ
1146 3199 1242 3280 τούτιρ
1264 3199 1318 3257 καί

103 3311 205 3395 σεπτῴ
226 3313 311 3395 μύριρ
332 3318 386 3376 καί
408 3311 503 3385 ούτως
525 3315 700 3399 ἀπαρτίζειν
721 3319 776 3378 καί
798 3315 930 3378 τελειοῦν
955 3319 1038 3378 κατὰ
1064 3316 1116 3399 την
1143 3325 1201 3377 τῶν
1222 3317 1316 3376 θείων

103 3423 284 3494 ἀποστόλων
315 3435 370 3493 καί
396 3431 482 3515 ἱερῶν
509 3438 646 3497 κανόνων
671 3435 849 3514 παράδοσιν,
880 3437 918 3496 τὰ
946 3437 1048 3516 μίντοι
1075 3431 1193 3509 ἀγγεῖα,
1220 3429 1251 3492 ἐν
1274 3429 1319 3500 οίς

102 3543 310 3632 τκπληροῦται
331 3551 366 3612 τό
389 3551 553 3634 βάπτισμα,
575 3553 817 3634 παραφυλάττειν
841 3555 932 3634 μόνον
947 3551 991 3622 είς
1006 3554 1059 3634 τὴν
1075 3551 1215 3632 τοιαύτην
1238 3543 1316 3630 ύπη-

102 3665 207 3744 ρεσίαν
240 3671 294 3730 καί
314 3667 363 3750 ,μὴ
390 3671 612 3752 καταχρῆσθαι
638 3665 716 3737 ὅλως
743 3667 785 3738 τίς
808 3667 911 3751 ἑτέραν
933 3675 1000 3732 τινὰ
1021 3672 1138 3751 χρείαν,
1166 3665 1230 3728 ἀπεί
1261 3669 1314 3727 καί

104 3791 191 3846 τοῦτο
221 3783 361 3868 ἀθισμόν
389 3783 452 3848 ἔστι
478 3789 532 3848 καί
560 3783 734 3866 ἀνευλοιβίς.
773 3785 837 3849 ἐπεί
862 3788 896 3848 δί
922 3783 941 3871 ἡ
968 3795 1021 3848 τοῦ
1049 3783 1138 3862 ύγίου
1171 3785 1315 3857 σύνθεσις

106 3900 197 3982 μύρου
223 3901 255 3964 δν
276 3914 314 3986 τῇ
336 3913 394 3966 τῶν
412 3901 595 3985 Βουλγοίρων
617 3901 769 3988 ἐκκλησία
790 3902 848 3967 ούκ
870 3903 1046 3978 ίκτελείται,
1070 3901 1136 3966 ἔστι
1157 3903 1191 3966 δύ
1212 3906 1315 3987 παραί-

103 4015 187 4091 δυσις
211 4019 406 4086 ἐκτελεῖσθαι
427 4032 515 4087 τοῦτο
537 4020 569 4084 όν
591 4033 628 4107 πρ
650 4021 726 4086 καθ’
747 4021 830 4108 ἡμας
853 4021 1008 4105 ύγιωτύτρ
1030 4029 1084 4084 τοῦ
1098 4025 1176 4102 θεοῦ
1192 4023 1314 4106 μεγάλη

107 4131 417 4224 ἀπτλησίηόφείλει,
439 4139 490 4205 ἵνα
511 4145 592 4204 κατὰ
614 4143 665 4203 τῦν
685 4145 792 4224 καιρόν
806 4151 860 4225 τῆς
875 4138 966 4216 ἁγίας
988 4149 1236 4224 τεσσαρακοστῆς
1258 4137 1314 4202 ἐκ·

107 4251 217 4332 λεγῦσι
239 4265 298 4319 τῶν
320 4255 370 4321 ἀπ’
386 4254 497 4322 αύτόθι
513 4257 687 4342 ἱερωμίνων,
704 4261 782 4330 τινός
798 4254 961 4338 εύλαβείας
977 4257 1227 4343 ἀντιποιούμενοι,
1250 4255 1314 4340 μετ’

106 4365 207 4441 iwan
230 4384 285 4460 τῆς
305 4377 521 4460 προσηκούσης
543 4375 590 4440 ίπί
615 4389 653 4461 τῇ
678 4377 785 4439 τούτου
813 4387 1005 4462 κατασκευῇ,
1036 4383 1090 4441 καί
1117 4379 1314 4448 τελεσθίντες

109 4492 184 4554 κατὰ
205 4494 259 4576 τὴν
282 4497 499 4578 νενομισμίνην
520 4496 699 4578 παράδοσιν,
721 4493 870 4576 λήψονται
892 4499 946 4559 καί
967 4492 1051 4558 ούτοι
1073 4499 1107 4558 τό
1129 4500 1210 4578 μίγα
1224 4503 1321 4558 τοῦτο.
