3282 5270
1261 289 1323 353 463

102 479 261 560 σχεθῆναι
283 483 389 538 τοῦτον
411 473 430 560 ἢ
453 473 496 546 είς
517 471 682 558 ἱερωσύνην
705 473 722 558 ή
752 474 794 546 εὶς
821 471 972 557 ἀνέργειαν
998 481 1051 536 τοῦ
1076 478 1321 558 πνευματικάτου

101 592 374 677 λειτουργήματος.
398 591 519 672 λγίνετο
553 589 573 677 ή
607 593 731 676 τοιαύτη
759 594 944 675 καθαίρεσις
972 595 1054 656 κατὰ
1075 593 1126 655 τόν
1147 591 1322 676 ὶανουάριον

101 719 186 795 μῆνα
209 721 263 796 τῆς
286 711 312 790 τ’
332 711 390 776 M·
416 715 446 790 †·

397 893 505 961 ccv1.
521 893 763 977 (τετυ-νοω)
776 893 887 958 mutio
901 893 964 957 ina.
979 893 1033 958 111.

154 1034 350 1106 Πείτομοίίίαε
364 1034 469 1105 Bimae
488 1036 628 1106 συνείπετο·
641 1036 797 1106 metropolis
811 1034 982 1106 Μοίίιμοεααα
996 1053 1050 1105 μοι·
1064 1036 1274 1094 adsunam.

557 1245 676 1312 ccvn.
691 1246 767 1312 Sine
780 1268 869 1312 ειιυο.

144 1387 271 1456 θροοάειε
286 1387 445 1442 Antiochino
460 1388 609 1458 τοιιχίνοεοί,
627 1387 804 1441 Padauium
817 1390 870 1440 riu
883 1387 994 1440 τίοοίειιιε
1008 1403 1064 1441 mo
1075 1389 1279 1457 patriarcham.

189 1530 336 1609 ῒΤοῦ
372 1532 750 1618 μητροπολίτοο
782 1538 863 1593 τοῦ
895 1528 1213 1614 Ἀντιοχείας
1240 1554 1323 1602 ,πα-

100 1653 351 1735 τριάρχοο
385 1653 504 1734 πρός
540 1653 619 1713 τόν
653 1653 1038 1728 παναγιωτατον
1074 1652 1323 1737 δεσπότην

99 1765 256 1852 ἡμῶν,
303 1772 383 1833 τόν
434 1769 800 1852 οίκουμενικόν
850 1772 1192 1856 πατριάρχην,
1243 1776 1323 1834 καί

100 1887 187 1969 τήν
223 1889 370 1950 θείαν
405 1889 487 1950 καί
520 1883 660 1968 ίεράν
692 1881 754 1949 ὑπ’
786 1881 933 1949 αὐτόν
967 1887 1188 1972 μεγάλην
1221 1890 1330 1951 σῦνψ

102 2005 219 2066 οδον
255 2007 286 2080 ῂ

190 2123 211 2198 †
232 2119 284 2204 th»
296 2123 517 2202 πανοιγιωτάτιμ
534 2117 763 2203 ἀρχιεπισκόπιμ
778 2119 1133 2198 Κωνσταντινουπόλεως,
1148 2121 1232 2193 Νίας
1246 2121 1324 2186 ‘Pos-

104 2259 177 2322 μης,
201 2241 256 2302 καὶ
281 2237 485 2323 οίκοομενικιρ
510 2241 688 2321 πατριάρχη
716 2243 770 2301 καί
795 2235 932 2321 ἡμετίριρ
956 2232 1092 2322 αόθίντή
1114 2241 1168 2302 καί
1189 2229 1325 2322 δεσπόεη

87 2329 160 2418 Ισῦν
194 2365 288 2420 πόσιν
321 2354 496 2440 ἀρχιερεῦσι
528 2359 583 2420 καί
609 2353 877 2439 όκκλησιαστικοίς
904 2355 1034 2440 ἄρχουσι
1065 2365 1119 2440 τῆς
1152 2355 1324 2441 ἁγιωτάτης

102 2477 160 2535 καί
183 2472 398 2558 οἰκοομενικής
420 2475 548 2537 συνίδοι
571 2482 624 2556 τῆς
647 2467 738 2548 ἁγίας
760 2481 813 2536 τοῦ
835 2475 913 2536 θεοῦ
929 2474 1106 2556 καθολικής
1121 2478 1175 2536 καὶ
1190 2472 1326 2537 ἀποστο-

104 2591 197 2675 λικῆς
212 2588 391 2674 ίκκλησίας,
416 2589 447 2654 όν
463 2587 542 2674 άγίιρ
556 2592 702 2672 πνεύματι
718 2587 887 2675 ἀγαπητοῖς
904 2589 1048 2676 ἀδελφοῖς
1063 2595 1117 2654 καί
1132 2591 1327 2674 συλλειτουρ-

106 2721 172 2786 γοίς
195 2715 250 2791 τής
271 2703 356 2791 ἡμῶν
379 2712 603 2791 ταπεινότητος,
627 2703 655 2767 οἱ
678 2711 813 2770 ταπεινοί
834 2711 945 2778 πάντες
973 2705 1125 2790 ἀρχιερεῖς
1152 2717 1205 2792 τῆς
1229 2705 1325 2785 ἁγιω-

104 2828 201 2907 τάτης
223 2831 277 2886 τοῦ
299 2827 375 2888 θεοῦ
399 2823 606 2905 ἀποστολικής
628 2821 799 2906 ίκκλησίας
820 2823 1014 2907 Ἀντιοχείας
1037 2825 1090 2887 σῦν
1110 2824 1152 2908 τῷ
1167 2823 1328 2906 ἁγιωτάτῳ

109 2938 196 3025 ήμῦν
217 2944 392 3024 πατριάρχη
415 2941 621 3014 θεουπόλεως,
645 2940 783 3023 μεγάλης
799 2939 990 3024 Ἀντιοχείας
1006 2946 1060 3003 καί
1081 2945 1183 3026 πάσης
1198 2940 1328 3006 Ἀνατο-

106 3057 175 3140 λής,
199 3065 256 3139 κῦρ
272 3055 440 3141 Παχωμίφ,
463 3059 514 3119 τῦν
537 3055 568 3117 όν
590 3055 712 3138 Χριστῷ
729 3059 924 3138 προσήκοντα
940 3055 1102 3141 ἀσπασμόν
1119 3060 1172 3122 σῦν
1186 3071 1224 3142 τῇ
1240 3057 1330 3144 όρει-

106 3175 225 3256 λομόνῃ
249 3169 395 3256 εόλαβεία
414 3173 619 3248 ἀποδιδόντες,
644 3171 843 3256 ἀτεοχόμεθα
857 3176 910 3256 τήν
927 3171 1008 3257 ὑμῶν
1025 3171 1169 3252 ὑγιαίνειν
1185 3176 1330 3260 ίερότητα

108 3291 158 3354 m
186 3289 342 3376 ἀσραλεία
368 3301 426 3355 τείν
453 3291 540 3372 ἱερῶν
567 3299 621 3372 τῆς
648 3287 819 3374 λκκληοίας
845 3291 1006 3372 δογμάτων
1034 3293 1089 3355 καί
1112 3291 1258 3356 εόοδόσει
1273 3301 1331 3356 καί

109 3407 268 3493 στηριγμῷ
292 3419 350 3472 τόν
372 3417 527 3489 πατρικῶν
553 3403 629 3490 όρων
656 3416 709 3491 τής
732 3406 937 3490 Ἀντιοχείας,
965 3409 1001 3492 ἣν
1027 3414 1081 3472 καί
1107 3411 1247 3492 δεόμεθα
1273 3421 1330 3474 τοῦ

108 3531 363 3608 πανοικτίρμονος
385 3529 462 3588 θεοῦ
486 3530 586 3606 μίνειν
610 3521 781 3609 ἀκλόνητον
804 3523 851 3588 ότί
872 3526 1043 3610 διεξαγωγή
1071 3525 1125 3587 καὶ
1147 3529 1329 3612 κυβερνήσει

108 3649 163 3706 τοῦ
184 3645 435 3724 κρείττονος·καί
455 3638 542 3724 ἡμεῖς
564 3639 697 3704 ἕπεσθαι
712 3639 779 3702 κατ’
800 3641 888 3725 ἴχνος
911 3639 1005 3725 αότής
1028 3641 1260 3724 ἐπηρεισμὲνους
1283 3644 1328 3706 ἀπ’

110 3757 243 3844 ἀσφαλεῖ
268 3761 360 3840 λίθιρ,
389 3759 430 3840 τῷ
452 3757 663 3840 ἀκρογωνιαίῳ
686 3759 816 3842 Χριστῷ,
839 3764 893 3821 καί
915 3761 1189 3842 τεθεμελισμὲνους
1211 3759 1260 3824 όπὶ
1285 3766 1328 3844 τῷ

108 3879 247 3962 θεμελίιρ
271 3887 328 3939 τιῦν
351 3874 528 3938 ἀποστόλων
551 3883 605 3940 καί
628 3889 689 3948 τοῖς
713 3887 770 3938 τῶν
785 3883 922 3960 πατέριον
950 3880 1105 3960 ἀκινήτοις
1133 3875 1223 3960 ὅροις.
1248 3900 1327 3956 γνω-

109 3999 181 4060 στόν
204 3995 283 4058 ἔστω
305 4005 342 4078 τῇ
366 3989 447 4075 ὑμῶν
471 3991 621 4078 ἁγιότητι,
650 3992 697 4056 ὅτι
719 4003 771 4056 τοῦ
801 3999 971 4076 μακαρίτου
994 3993 1113 4057 ἐκείνου
1139 4002 1331 4081 πατριάρχου

108 4109 205 4196 ἡμῶν,
228 4119 286 4192 κῦρ
301 4109 456 4186 Ἰγνατίου,
481 4113 513 4172 τό
537 4115 638 4173 κοινόν
663 4109 831 4180 ἀποδόντος
846 4114 937 4194 χρόυς
954 4111 1053 4194 ἔμεινε
1077 4117 1114 4176 τὰ
1137 4123 1189 4198 τής
1212 4111 1329 4200 ἐκκλη·

112 4233 179 4298 σίας
213 4225 396 4310 ἀποίμαντοι·
423 4229 504 4288 κατὰ
532 4235 604 4304 γοῦν
631 4229 683 4308 τήν
712 4227 962 4310 ἐπικρατήσασαν
995 4229 1130 4292 ἔκπαλαι
1162 4233 1330 4313 συνήθειαν

110 4346 163 4405 καί
185 4345 349 4428 αανονικήν
370 4346 541 4428 παράδοσιν
564 4348 777 4428 συνεκροτήθη
800 4349 854 4408 καί
879 4355 930 4408 νῦν
951 4345 1021 4430 παρ’
1048 4344 1118 4432 ἡμῖν
1141 4347 1217 4425 άγία
1238 4351 1331 4412 σῦνο-

111 4461 173 4536 δος,
196 4464 250 4523 καί
272 4473 362 4546 κοινή
385 4465 690 4548 συνδιασκεψάμτνοι,
709 4458 836 4544 εόδοκίιγ
851 4465 937 4539 θοοῦ,
961 4468 1012 4526 τόν
1027 4469 1249 4548 πανιερῦτατον
1266 4487 1329 4549 μη-
