3314 5266
316 301 379 364 526

315 487 585 572 χειροτονούμενον
616 486 770 571 δεχομένη
797 489 851 550 καὶ
871 485 926 552 σύν
949 494 1013 558 ταῖς
1035 481 1145 560 ἀλλους
1166 485 1343 559 λπισκοπαῑς
1365 483 1462 552 αὐτοῦ
1484 485 1535 553 ἀπ’

316 602 410 668 αύτῦν
432 607 628 689 διαμένουσα,
641 608 723 668 κατὰ
743 605 798 689 τήν
819 602 1066 688 ἐπικρατήσασαν
1089 604 1208 668 ἀνωθεν
1230 609 1311 678 τάξιν
1332 617 1399 677 ταῖς
1415 606 1536 690 έκκλη·

318 735 490 794 σιαστικαῐς
520 725 725 807 παραδύσεσιν
758 721 789 786 ἀν
821 735 886 794 ταῖς
909 721 1087 806 ἁπανταχοῦ
1109 733 1162 807 της
1184 732 1241 808 τῆς
1269 725 1444 807 ἐπαρχίαις.
1477 731 1532 786 τοῦ

316 843 353 905 δέ
385 845 437 926 τήν
471 842 570 927 ἀρχήν
603 852 656 925 της
688 841 848 926 εἰρημένης
884 851 940 905 τῶν
962 839 1082 924 Λιτβῦιν
1114 846 1217 926 χώρας
1250 845 1404 915 διέποντος
1438 837 1534 926 ῥηηῦς

315 971 422 1032 κακῶς
454 963 527 1043 πρὸς
549 963 600 1024 τὸν
622 959 782 1043 ἱερώτατον
805 960 1025 1044 μητροπολίτην
1047 960 1167 1042 Κυέβοο
1200 949 1264 1023 καὶΙ
1278 965 1379 1044 πάσης
1400 959 1533 1029 Ῥωσίας

316 1081 521 1154 διατεθέντος,
543 1081 594 1160 τύν
616 1077 828 1161 κῦρἈλέξιον,
850 1081 904 1140 καὶ
925 1077 1009 1141 πάντ’
1025 1076 1069 1142 ,ἂν
1091 1075 1178 1150 ὄντος
1200 1077 1322 1161 ἑτοίμου
1343 1084 1398 1141 καὶ
1419 1082 1532 1142 παθεῖν

315 1197 372 1261 καὶ
404 1200 516 1280 δράσαι
547 1195 577 1282 ή
599 1205 705 1260 τοῦτον
728 1195 812 1278 ἔχειν
838 1197 1058 1280 μητροπολέτην
1089 1201 1144 1259 καὶ
1176 1198 1229 1280 τήν
1260 1195 1341 1258 ἰδέαν
1365 1195 1464 1280 ἀρχήν
1498 1217 1532 1260 τε
1650 1254 1651 1264 ,

316 1320 372 1377 καὶ
394 1319 497 1398 χάραν
518 1324 727 1396 πνευματικῶς
749 1309 932 1378 ύποκεῖσθαι
954 1309 1044 1396 αύτερ,
1076 1313 1152 1376 καθ’
1184 1312 1295 1396 έαοτήν
1317 1313 1393 1376 εἶναι
1416 1315 1531 1395 βουλο-
1650 1309 1651 1340 ¹

315 1439 409 1515 μένου
441 1438 496 1497 καὶ
528 1433 571 1505 εἰς
594 1434 777 1516 μητρόπολιν
799 1435 979 1515 τιμηθεῐσαν
1001 1429 1058 1495 ύπό
1085 1433 1290 1516 μητροπολίτη
1312 1437 1427 1515 ηνησὶιρ
1449 1433 1533 1495 διοι-
1650 1417 1651 1442 ἱ

313 1555 441 1614 κεῖσθαι
471 1555 526 1614 καὶ
546 1552 751 1634 διιθύνεσθαι,
784 1550 837 1632 τήν
859 1549 940 1632 ἱεράν
962 1553 1016 1613 καί
1038 1553 1175 1636 μεγάλην
1207 1551 1333 1614 σύνοδον
1356 1549 1530 1624 ἀξιοῦντος·

317 1665 396 1752 αύτη
417 1669 560 1744 δείσασα,
584 1671 626 1751 μή
647 1688 720 1730 ποτε
742 1671 846 1747 καύττ
868 1677 926 1730 τῦν
952 1667 1111 1752 ἀδοκήτων
1145 1670 1289 1751 συμβαίη,
1322 1673 1376 1730 καὶ
1397 1671 1532 1752 ψυχικάν

313 1781 463 1869 ὑποσταίη
488 1787 626 1848 κίνδυνον
660 1788 713 1848 καὶ
745 1780 828 1866 ῥῆξιν
849 1793 902 1848 τοῦ
924 1787 1065 1848 καθόλου
1091 1795 1144 1870 της
1167 1784 1440 1870 {mmm-4010<
1461 1791 1532 1848 04,
1651 1799 1652 1810 ,

312 1925 409 1986 ματος
431 1906 465 1966 τύ
486 1903 724 1996 πολυάνθρωπον
747 1903 840 1974 ἔθνος
862 1903 971 1978 έκεῖνο,
993 1907 1044 1967 τάν
1060 1903 1180 1967 ἔκεῖθεν
1195 1905 1415 1980 ἀποσταλέντα,
1439 1903 1528 1982 ἀξιον

312 2019 540 2105 ἀρχιερωσύνης
561 2023 717 2104 κριθέντα,
741 2023 962 2105 μητροπολέτην
984 2029 1037 2105 τῆς
1059 2025 1200 2106 τοιαύτης
1220 2027 1391 2108 καθίστησι
1411 2025 1532 2106 χώρας,

311 2143 395 2202 κατὰ
428 2142 480 2224 τήν
503 2141 646 2221 βούλησιν
669 2146 721 2201 τοῦ
745 2137 775 2200 έν
809 2135 886 2222 αὐτῇ
916 2138 1025 2212 ἔθνους
1058 2143 1111 2202 καὶ
1144 2143 1198 2212 τὰς
1231 2138 1352 2204 λκεῐθεν
1385 2138 1530 2217 ἀνάγκας

310 2261 367 2320 καὶ
397 2260 448 2320 τύν
481 2261 596 2320 σκοπὸν
628 2265 681 2319 τοῦ
714 2252 864 2340 ῥηθέντος
885 2251 988 2340 ῥηηύς.
1021 2255 1135 2341 καλήν
1157 2256 1194 2322 ἀν
1216 2262 1250 2322 τύ
1275 2268 1401 2342 πράημα
1433 2261 1531 2340 μέχρι

310 2377 400 2438 τούδτ
422 2376 529 2450 καλὸν,
562 2380 616 2436 καί
638 2377 672 2436 τά
694 2383 747 2456 τῆς
771 2373 892 2458 εἰρήνης
915 2373 1011 2446 ἄνθος
1033 2380 1126 2458 μέσον
1150 2377 1280 2439 έκεύναν,
1300 2373 1434 2446 εύθαλές
1465 2379 1527 2437 καὶ

312 2493 486 2576 ἀμάραντον
509 2493 622 2575 ἔμενεν,
646 2491 728 2574 εἴπερ
750 2489 767 2553 θ
790 2494 1020 2576 χειροτονηθεὶς
1043 2491 1158 2565 ἐκεῖνος
1180 2505 1241 2564 τοῖς
1273 2495 1409 2557 δοθεῖσιν
1431 2488 1529 2555 αύτύν

311 2613 416 2694 ἔμενεν
439 2607 531 2694 ὅροις,
553 2608 673 2694 ἠρκεῖτό
696 2631 727 2672 τε
751 2607 795 2694 ἐρ’
818 2608 863 2680 οἷς
885 2611 1018 2682 δικαίοις
1041 2617 1191 2693 τετέμητο·
1215 2611 1279 2674 ἔπεί
1301 2613 1336 2674 δὲ
1357 2619 1445 2673 τοῦτο
1468 2614 1530 2692 μὲν

313 2726 464 2812 ούδαμιῦς,
486 2740 524 2811 τῇ
546 2728 580 2790 δὲ
594 2725 715 2790 κάκιστ’
729 2726 922 2810 ἀπολουμένη
938 2736 990 2790 τοῦ
1005 2729 1142 2797 πλείονος
1166 2727 1267 2812 ἀρέσει
1282 2730 1424 2799 δεδωκὼς
1446 2727 1527 2790 ἔαυ-

310 2849 361 2910 τόν
395 2846 495 2908 έκεῐνα
517 2849 729 2926 καθαρπάξειν
752 2843 899 2926 ἐπειρᾶτο,
922 2843 962 2904 ὧν
986 2847 1027 2928 μή
1050 2848 1182 2927 μέτοχος
1204 2843 1255 2926 ἠν,
1287 2849 1342 2906 καὶ
1373 2846 1523 2930 συνερέλ-

309 2967 425 3027 κεσθαι
446 2964 562 3038 δίκαια,
575 2963 716 3046 μηδύλως
739 2959 844 3044 ἔκεύνερ
867 2960 1029 3044 ἀνήκοντα,
1052 2967 1106 3023 καὶ
1127 2959 1285 3046 ὀχλήσεσιν
1307 2966 1369 3048 καλ
1384 2961 1522 3046 ἀμφιβο-

309 3083 382 3146 λιῶν
415 3081 510 3150 αἴτιος
541 3085 595 3142 καὶ
628 3081 747 3142 πολλῶν
780 3078 888 3163 ἑτέρων
914 3081 954 3162 τιρ
983 3081 1068 3143 ἔθνει
1090 3085 1263 3143 καθίστατο
1285 3087 1340 3143 καύ
1372 3093 1411 3165 τῇ
1442 3079 1521 3144 καθ’

306 3198 389 3284 ημᾶς
412 3199 481 3282 ἱερή
505 3199 621 3280 συνύδιρ
647 3199 698 3260 διά
721 3207 815 3260 ταῦτα
837 3199 930 3282 λυπῇς
955 3201 1078 3280 πολλής.
1114 3199 1255 3263 έντεῦθεν
1276 3205 1330 3262 καέ
1353 3203 1412 3281 γάρ
1443 3202 1521 3281 πρὸς

309 3317 447 3400 ἀνάγκης
481 3312 612 3398 ὑπῆρχεν
646 3313 737 3398 αὐτή,
763 3319 903 3397 πρέσβεις
925 3327 983 3377 τῶν
1006 3314 1151 3397 έκκρύτων
1174 3315 1290 3397 ἀνδρῶν
1311 3319 1387 3398 πρὸς
1410 3310 1522 3388 αύτούς

309 3436 487 3517 ἔκπέμπειν,
521 3435 574 3516 τήν
597 3433 733 3514 ταραχήν
757 3429 983 3502 ἀνακύπτοντας
1005 3436 1058 3492 καί
1080 3433 1132 3514 τήν
1156 3435 1302 3515 σύγχυσιν
1328 3431 1370 3504 ύνς
1391 3433 1521 3495 δυνατὸν

308 3552 564 3623 ἀναστέλλοντες,
591 3547 657 3632 ἥτις
679 3547 775 3630 ἀρχὴν
799 3547 830 3610 ἀν
853 3544 946 3618 οὕτως
970 3548 1056 3610 ἔθνει
1088 3549 1229 3629 λαβοῦσα
1261 3551 1373 3633 πολλῷ,
1408 3554 1443 3613 τά
1466 3553 1522 3610 καὶ

306 3676 380 3755 πρός
412 3672 499 3742 τέλος
530 3669 603 3730 ἰδεῖν
637 3671 710 3736 τέως
744 3663 877 3737 ούδύλως
910 3665 1068 3747 ἐβούλετο,
1103 3666 1204 3730 εἶκαὶ
1229 3665 1285 3730 ούκ
1318 3667 1362 3739 εὶς
1395 3671 1521 3749 μακράν

307 3799 403 3851 ταῦτα
424 3797 591 3870 προχωρεῖν
614 3781 630 3846 ύ
652 3793 705 3866 τής
727 3783 849 3871 εἰρήνης
872 3781 970 3867 ἀρηοε
994 3785 1096 3866 δοτὴρ,
1111 3781 1130 3866 ἡ
1147 3781 1337 3867 αύτοειρήνη,
1360 3781 1377 3848 ὁ
1399 3789 1520 3848 πάντων

308 3906 418 3987 σωτήρ,
440 3902 457 3968 δ
480 3904 617 3986 Χριστός.
640 3899 682 3974 ὣς
705 3905 762 3982 γάρ
785 3898 801 3963 ύ
823 3899 942 3980 Λιτβιὶιν
966 3899 1079 3972 ἐκεῖνος
1103 3899 1134 3973 ἐξ
1156 3899 1322 3984 ἀνθρώπων
1345 3900 1477 3979 ἐγένετο,
1494 3899 1520 3985 ἡ

307 4031 360 4083 τοῦ
393 4025 469 4084 θεοῦ
492 4022 643 4104 ἐκκλησία
663 4023 805 4102 πρύνοιαν
828 4023 881 4082 καί
903 4015 996 4090 αύθις
1019 4027 1079 4102 τοῦγ
1095 4019 1205 4091 ἔθνους
1226 4032 1366 4095 ποιεῖται,
1389 4025 1444 4085 καὶ
1465 4021 1520 4101 τήν

307 4138 460 4221 εὶρηνικήν
482 4143 669 4202 κατάστασιν
693 4134 792 4207 αύτοῑς
814 4137 1067 4218 πραγματεύεται,
1090 4137 1211 4220 σύναμα
1233 4137 1276 4219 τερ
1296 4143 1449 4219 κρατίστη
1465 4141 1521 4198 καὶ

306 4253 387 4338 ἀηύιρ
409 4275 466 4338 μου
490 4252 703 4337 αὐτοκράτορι,
736 4264 789 4318 τοῦ
810 4257 867 4336 πρό
888 4251 973 4337 ήμῶν
999 4257 1186 4337 πατριάρχου
1213 4259 1374 4337 γράμμασι
1395 4255 1519 4316 συνοδυ-

306 4382 373 4443 κοές
394 4378 448 4436 καὶ
469 4383 586 4443 σεπτοῖς
617 4376 843 4455 προστάγμασι,
877 4372 931 4454 τήν
956 4370 1074 4451 Λιτβῦιν
1106 4375 1208 4454 χώραν
1233 4372 1274 4454 περ
1309 4371 1519 4455 μητροπολέτη

306 4488 426 4570 Κοέβοο
447 4495 501 4553 καὶ
522 4493 622 4572 πάσης
637 4488 773 4565 Ῥωαίας,
797 4487 837 4561 ὡς
859 4492 912 4552 καὶ
926 4492 1080 4571 πρότερον,
1098 4487 1357 4554 έπανασωαάντων
1379 4493 1436 4553 καὶ
1457 4511 1518 4552 τα·
