3258 5282
1199 383 1200 386 ,
1230 333 1287 394 401

78 504 251 589 ἀνίγνιεμεν
279 511 333 570 καί
359 507 492 590 ίγνωμεν
518 514 572 572 καί
598 511 668 572 δίον
695 511 866 594 ἀκρίναμεν,
895 517 961 586 τινα
989 512 1021 586 ἐξ
1046 511 1145 578 αὐτῶν
1177 519 1292 598 γράψαι

76 628 130 686 καί
151 625 270 686 στεῖλαι
292 621 403 688 αότόθι
423 629 498 710 πρὸς
520 623 613 708 ὑμᾶς,
641 633 747 712 μήπως
772 651 818 700 τις
843 632 984 715 τοιαύτης
1011 630 1157 713 αίρόσεως
1182 629 1294 696 αὐτόθι

76 739 177 804 ἐλθὸν
200 740 282 825 ὑμᾶς
306 745 448 829 πλανήση
475 748 530 808 καί
556 743 703 830 όρημιόση
727 751 782 810 καί
803 749 972 832 διαστρόήη
995 749 1033 812 όκ
1055 759 1108 832 της
1131 747 1293 832 ἀληθείας,

76 857 117 930 εἰς
140 857 278 944 ἀμαθεῖς
302 867 356 926 καί
383 859 539 946 ἀμυήτους
559 855 782 928 τῶνιποιοόπων
803 865 958 930 κακίστων
983 868 1144 951 δογμάτων
1182 867 1235 930 ἐάν
1258 887 1294 931 σε

76 982 155 1063 τύχη
187 985 264 1044 ποτε
291 985 346 1044 καί
383 981 466 1065 δ’λθη
504 978 616 1047 αότόθι
640 1005 685 1054 τις
710 995 765 1068 εής
791 987 934 1069 τοιαύτης
965 991 1117 1070 κακίστης
1139 985 1294 1068 αίρίσεας,

77 1097 135 1160 εἴτε
159 1102 299 1183 μοναχός
324 1099 384 1162 εἴτε
411 1100 509 1182 ἱερεὺς
536 1100 595 1164 εἴτε
620 1105 675 1164 καί
700 1099 874 1178 όπίσκοπυς,
903 1105 1029 1188 φεύγετε
1056 1105 1126 1175 τοὺς
1147 1107 1241 1175 κύνας
1264 1102 1296 1177 &t

61 1213 185 1311 αὐτῶν,
209 1215 252 1287 εἰς
274 1219 379 1302 φεύγει
400 1239 446 1289 τις
468 1217 528 1282 ἀπὸ
550 1216 659 1305 ὄφεως,
682 1225 736 1283 καί
757 1221 884 1293 διόξατε
907 1225 960 1284 καὶ
974 1220 1149 1284 ἀπελάσατε
1165 1220 1224 1284 ἀπὸ
1240 1232 1298 1284 τῶν

77 1333 231 1418 ἀμετόρων
246 1333 346 1418 δρίαν,
361 1333 403 1406 εἰς
418 1341 486 1400 νίον
500 1341 554 1400 καί
567 1340 673 1400 καινάν
687 1339 903 1424 δυγματιστήν.
920 1339 1102 1423 διανάστητε
1114 1345 1221 1415 τοίνυν,
1236 1361 1300 1404 πα-

77 1453 207 1534 ρακαλεῖν
230 1451 322 1536 ὑμᾶς,
349 1455 541 1539 διανάστητε,
563 1461 619 1518 καί
641 1469 700 1538 τοῖς
721 1467 797 1521 πάσι
818 1457 1028 1541 διαλαλήσαιε
1050 1459 1169 1541 φεύγειν
1191 1457 1234 1531 ιδς
1254 1457 1302 1522 ίάν

79 1569 191 1657 ὄρσεις,
214 1577 271 1637 καί
294 1572 506 1638 ἀπυστίσασθε
528 1575 583 1658 τήν
603 1575 757 1638 πολόθεον
778 1576 894 1659 πλάνην
913 1585 972 1638 τῶν
987 1573 1091 1640 ἀθίων
1105 1575 1303 1659 Παλαμιτῶν,

80 1693 207 1776 ρεόγετε
230 1692 301 1762 τούς
322 1693 416 1763 κύνας
440 1697 495 1754 καί
520 1693 591 1763 τσάς
616 1693 736 1764 κακοός
762 1697 941 1776 σπαράκτας
968 1697 1023 1755 καί
1048 1694 1102 1777 τήν
1123 1695 1302 1777 κατατομήν

81 1819 133 1893 τῆς
155 1820 217 1873 τῶν
239 1821 421 1894 χριστιανων
443 1815 581 1886 πίστεως,
604 1809 685 1874 κατὀί
707 1813 758 1874 τόν
777 1815 864 1874 θεῖον
880 1809 1059 1886 ἀπόστολον,
1082 1813 1208 1895 ρεόγεττ
1230 1813 1303 1874 ποό-

82 1949 150 2000 τους
173 1927 217 1999 ὃς
239 1931 398 2011 τάρταρον,
421 1926 463 2000 ὡς
485 1933 596 2024 σκότος
618 1927 777 2012 λειότερον,
801 1928 843 2001 όις
867 1933 959 2012 πυράς
986 1933 1123 2006 γίενναν,
1150 1928 1192 1999 ιλς
1214 1928 1304 1992 όδόν-

84 2068 139 2110 των
163 2049 309 2130 βρυγμδν,
332 2045 374 2120 ὣς
397 2045 566 2131 ἀκοίμητον
581 2050 741 2131 σκώληκα,
764 2045 800 2112 οὐ
822 2053 882 2132 γὰρ
898 2048 963 2111 ἔστι
976 2050 1028 2110 τὸν
1051 2045 1144 2110 αὐτὸν
1163 2063 1305 2130 χρισεια-

82 2167 130 2226 νόν
164 2163 245 2228 εἶναι
269 2169 325 2228 καί
351 2174 405 2249 τῆς
432 2171 592 2236 κοινωνίας
618 2175 676 2228 τῶν
700 2171 856 2229 κακίστων
884 2165 1080 2249 Παλαμιτων.
1106 2163 1158 2227 ἵνα
1176 2167 1218 2252 δό
1250 2168 1305 2226 καί

85 2303 149 2344 τινα
181 2289 307 2367 γνοίητε
341 2293 400 2345 τῶν
426 2282 633 2366 Παλαρναίων
652 2283 807 2378 ,αίρίσειες
832 2287 887 2346 καί
916 2281 952 2346 ἐκ
985 2291 1037 2346 του
1064 2283 1239 2365 κρασπέδου
1271 2283 1306 2344 τό

85 2397 221 2486 ὕφασμα,
243 2411 406 2486 προσεχός
427 2407 482 2464 καί
502 2403 608 2472 καλῶς
630 2401 793 2465 ἀκούσατε.
816 2403 900 2478 λίγει
916 2407 974 2486 γάρ
994 2405 1144 2484 καθαρῶς
1159 2403 1213 2462 δόο
1229 2402 1306 2462 θεό-

87 2540 178 2602 ιητας
202 2527 257 2582 τοῦ
279 2521 372 2595 θεοῦ,
407 2523 479 2601 μίαν
502 2515 609 2581 οόσίαν
630 2523 685 2580 καί
707 2517 814 2600 ίτόραν
837 2519 990 2594 ἀνουσίαν,
1025 2521 1077 2602 τήν
1104 2526 1176 2595 γοῦν
1201 2510 1307 2578 οὐσίαν

86 2637 166 2713 λόγει
186 2642 245 2700 καί
267 2633 496 2721 ὑπερκειμένην,
519 2634 650 2719 ἀόρατον
672 2641 726 2699 καί
741 2635 927 2720 ἀμίθεκτον,
943 2639 997 2720 τήν
1012 2635 1039 2698 δ’
1056 2636 1200 2700 ἀνουσίαν
1223 2630 1307 2720 ἀρει-

88 2759 176 2839 μίνην
198 2760 256 2818 καί
276 2753 389 2840 όρατήν
410 2759 465 2818 καί
489 2758 659 2839 μεθεκιήν·
688 2754 753 2818 εἶτα
774 2756 897 2838 διαιρῶν
924 2756 1036 2838 ταύτην
1064 2757 1118 2838 τήν
1145 2750 1306 2838 ὑρειμίνην

88 2877 138 2934 καί
159 2871 382 2958 θιαρκειμόνην
404 2878 458 2936 καί
474 2871 607 2956 ἀόρατον
634 2873 677 2944 τίς
702 2875 823 2956 πλῆθος
850 2849 1056 2955 μυριάριθμυν
1081 2872 1308 2954 πληθυντικῶς,

88 2997 199 3074 φάσκει
220 2995 377 3076 θεότητος
400 2993 442 3075 μή
465 2997 632 3074 νουυμόνας
648 2996 702 3075 μὲν
717 3003 779 3061 τοῖς
793 2993 926 3064 πολλοῖς,
950 2987 1025 3052 αὐτὸ
1040 2991 1091 3052 διὰ
1105 3000 1210 3072 πείρας
1225 2985 1306 3050 ἀπυ-

89 3111 322 3193 καλυπτομόνας
357 3110 389 3172 ἐν
415 3119 482 3181 ταῖς
508 3121 638 3194 γραφαῖς
664 3121 722 3172 τῶν
745 3107 852 3184 ἀγίων·
886 3109 1032 3170 τοῦτοδὲ
1065 3117 1120 3191 τῆς
1151 3109 1309 3169 πολυθίου

89 3227 202 3311 πλάνης
224 3237 285 3289 τῶν
307 3225 442 3310 ἀλλήνων
475 3226 548 3290 ἐστί.
582 3229 666 3302 λίγει
688 3227 990 3307 συμπροσκονείσθαι
1012 3225 1125 3294 ταύτας
1154 3227 1208 3293 τὰς
1230 3225 1307 3284 θεό-

91 3365 180 3428 τηιας
212 3355 280 3418 ταίς
313 3341 507 3408 ὑποστάσεσι.
541 3346 626 3422 λόγοι
651 3347 726 3408 θεόν
753 3341 910 3430 ἀρειμόνυν
938 3344 1088 3428 ρωποιιδῆ
1122 3351 1307 3424 σωματικυὶς

92 3461 263 3549 όρθαλμυῖς
286 3463 405 3548 ὁρατόν,
428 3465 461 3527 δν
483 3463 539 3526 καὶ
561 3467 677 3549 μορφήν
700 3461 776 3526 εἶναί
798 3483 872 3547 φησι
894 3471 947 3526 τοῦ
969 3465 1064 3534 θεοῦ,
1088 3462 1105 3522 ὃ
1127 3469 1184 3520 τῶν
1206 3457 1306 3520 Μανι-

92 3589 183 3665 ηαίων
204 3587 261 3645 καί
274 3581 501 3646 Μασσαλιανιῖιν
524 3578 589 3644 ἀπ’τι
609 3587 663 3644 καί
685 3581 905 3664 εὶκονομυίχων.
928 3581 1013 3654 λίγει
1031 3578 1125 3646 θεοὺς
1140 3573 1305 3656 ἀνάρχυυς,

93 3699 275 3784 ὁρειμίνυυς,
299 3701 432 3784 ἀριθμόν
448 3699 694 3782 ὑπερβαίνοντας,
718 3699 753 3760 bn
770 3708 824 3781 τῆς
847 3695 953 3766 υόσίας
975 3704 1027 3758 τοῦ
1043 3699 1119 3756 θεοῦ
1133 3694 1305 3772 προϊόντας,
1374 3789 1376 3794 ι

94 3818 141 3888 νίς
162 3828 216 3883 καί
237 3827 350 3904 κυρίως
370 3821 455 3896 λέγει
477 3819 572 3887 θευάς
594 3823 648 3879 καί
670 3819 834 3899 θεότηιας,
856 3815 910 3898 την
933 3817 967 3875 δί
990 3815 1225 3893 τρισυπόστατρν
1247 3813 1306 3894 φό-

96 3957 137 3998 σιν
157 3945 239 4002 κατὰ
262 3943 353 4021 χάριν
375 3940 469 4015 λόγιι,
492 3941 546 3998 καί
568 3932 604 3997 οὐ
626 3939 738 4015 κυρίως
760 3935 835 3995 θεὸν
849 3937 903 3994 καί
926 3935 1071 4014 θεότητα,
1098 3927 1140 4000 ιδς
1163 3927 1307 3992 ἀντευθιν

95 4055 144 4118 όόο
164 4061 357 4134 συνάγεσθαι
379 4062 417 4119 τά
440 4057 520 4119 αἴτια
543 4053 590 4117 ἰπί
612 4057 698 4127 θεοῦ,
722 4053 753 4114 δν
777 4055 831 4133 μὲν
855 4050 871 4114 ὃ
893 4053 991 4132 πατήρ
1013 4055 1140 4110 καὶτοῦ
1163 4047 1229 4110 υἱοῦ
1252 4051 1307 4108 καί

97 4184 143 4236 τοῦ
162 4179 341 4259 πνευματος,
363 4174 468 4258 ἕτερον
490 4176 525 4236 δὲ
546 4169 565 4256 ἡ
589 4175 675 4258 ιρίισις
695 4182 752 4234 τῶν
768 4167 933 4254 ἀφειμένων
955 4173 1039 4231 θεῶν
1061 4172 1116 4230 καί
1138 4169 1304 4249 θεοτήτων.

98 4294 173 4372 λόγει
194 4297 376 4380 μερίζεσθαι
397 4297 435 4356 τά
458 4297 572 4378 ρυσικά
595 4299 648 4353 τοῦ
670 4293 748 4352 θεοῦ
771 4289 814 4358 εὶς
838 4293 914 4371 μίρη
936 4293 991 4350 καὶ
1014 4290 1115 4369 μόρια,
1139 4286 1176 4346 ἐκ
1199 4285 1305 4344 τούτου

99 4409 122 4470 δ’
142 4411 171 4486 ἀί
192 4415 331 4496 ἀνάγκης
351 4414 511 4494 συμβαίνει
534 4415 587 4473 καί
608 4411 660 4492 τήν
683 4411 773 4470 θείαν
789 4409 876 4491 ριἰσιν
891 4403 992 4488 ῶσπερ
1008 4415 1097 4486 σῶμα
1113 4404 1304 4485 μερίζεσθαι,

101 4532 132 4590 τὰ
153 4537 209 4614 γάρ
231 4535 359 4618 ριισικά’
372 4531 553 4612 κατάλληλα
582 4539 646 4598 ταῖς
672 4529 790 4611 ριἰσεσι.
817 4526 901 4601 λόγει
928 4533 991 4607 φῶς
1018 4521 1093 4584 εἶναι
1120 4519 1228 4601 ἀρατὸν
1250 4521 1303 4600 τήν

1091 4627 1123 4675 26
