3258 5278
320 313 381 379 138

402 505 423 580 †
445 499 589 585 Παμίστη
611 512 649 586 τη
670 497 757 586 ἡμῶν
779 505 953 587 μετριότητι
966 505 1191 586 προκαθημένῃ
1211 502 1380 573 συνοδικιῦς
1393 490 1413 566 ’δ
1428 501 1556 576 οἰκεῖος

319 619 362 702 τῷ
380 621 618 702 κρατίστμκαί
641 617 718 702 ἀγίμ
745 641 804 703 μου
831 617 1034 702 αὐτοκράτορι
1055 629 1116 708 κύρ
1138 619 1281 705 Ἰωάννης
1307 619 1554 704 ύΤριακοντά·

318 739 445 823 φυλλος,
468 743 523 823 καὶ
545 727 703 823 ἀνέφερεν,
725 735 768 810 ύς
789 737 806 803 ὁ
827 742 928 823 πατηρ
951 735 1045 802 αὐτοῦ
1067 737 1085 802 δ
1106 737 1297 823 Μυνομάχσς
1318 737 1452 815 ἀκτῖνος,
1486 762 1555 823 μο-

317 859 437 940 νύδμιόν
459 877 488 920 τι
508 861 698 942 κεκτημένος
721 855 756 920 έκ
779 862 977 942 γονικότητος
998 862 1065 941 περὶ
1085 861 1120 921 τό
1134 861 1269 942 κάστρον
1284 867 1338 921 τοῦ
1352 857 1555 942 Ἑξαμιλίυσ,

308 971 361 1048 ἐὶς
380 973 479 1060 ὄνομα
493 979 661 1060 τιμώμενον
677 985 730 1060 της
750 972 920 1061 ύπεράγνυυ
936 979 1098 1062 δεσποίνης
1112 981 1168 1041 καί
1188 979 1383 1062 θεομητυρος
1402 983 1458 1041 καί
1472 977 1553 1040 έπι-

317 1095 513 1178 κεκλημένης
535 1093 782 1178 Παχνιωτίσσης,
806 1092 927 1168 ἐξέδοτο
950 1103 1039 1158 τοῦτο
1060 1094 1130 1178 ἰδίιμ
1152 1093 1263 1178 έαυτυῦ
1286 1099 1445 1179 γράμματι
1464 1099 1553 1178 πρὸς

317 1216 384 1278 τόν.
398 1261 405 1276 .
419 1260 447 1278 ..
469 1215 504 1276 όν
526 1207 620 1276 αύτοῦ
642 1214 694 1276 τόν
716 1217 854 1297 μοναχόν
875 1213 1029 1298 Βαρλαᾰμ
1049 1219 1130 1298 μετὰ
1150 1218 1269 1278 πάντων
1291 1225 1350 1279 τῦν
1364 1193 1553 1299 πραξάντων

287 1356 289 1362 ·
319 1330 409 1418 αύτῷ,
431 1341 543 1417 καιροῦ
565 1333 599 1395 δέ
623 1331 730 1396 ἱκανοῦ
751 1335 976 1416 παρελθόντος,
1004 1336 1229 1417 δεξιωσάμενος
1255 1343 1362 1398 τοῦτον
1388 1333 1405 1398 δ
1428 1335 1553 1406 οἰκεῖος

317 1454 360 1537 τῷ
381 1458 535 1536 κρατίστω
562 1455 616 1516 καί
642 1449 720 1535 ύγίιρ
748 1473 806 1535 μου
834 1449 1040 1536 αὐτοκράτορι
1064 1447 1122 1535 κῦβ
1144 1453 1284 1538 Ἰωάννης
1311 1443 1551 1538 δΦιλανθμεεᾸ

320 1576 430 1656 τηνός,
453 1571 495 1656 τῷ
515 1573 617 1634 δοκεῖν
641 1575 709 1655 μέν,
737 1569 811 1654 ὅπερ
834 1571 900 1656 εἶχε
922 1574 1104 1655 κτητομικύν
1126 1573 1258 1670 δίκαιον
1271 1571 1367 1654 ἔλαβε
1389 1570 1461 1655 παρ’
1484 1569 1552 1636 αύ-

318 1700 388 1766 τυῦ,
403 1699 405 1702 ’
418 1703 456 1774 τῇ
482 1687 509 1754 δ’
533 1688 683 1773 ἀληθεία,
711 1689 883 1775 έξωνησατυ
906 1693 940 1754 τύ
966 1699 1102 1754 τοιοῦτον
1130 1693 1289 1774 μονύδριον
1318 1691 1363 1761 εὶς
1389 1689 1552 1774 ύπέρπσρσ

318 1809 602 1894 ἑβδομηκονταδύο,
633 1809 667 1871 όν
696 1811 734 1893 δὴ
762 1813 871 1893 τρόπον
897 1816 951 1873 καί
978 1815 1012 1872 τύ
1039 1813 1113 1892 πρός
1140 1808 1233 1874 αύτύν
1261 1813 1388 1888 γεγονός
1415 1816 1561 1895 γράμμα,

317 1932 474 2004 διέξεισιν,
507 1925 581 1992 ὅθεν
610 1925 698 2000 ούτος
724 1931 762 2013 δὴ
791 1929 807 1992 ύ
836 1929 1125 2016 Τριακοντάφυλλος
1151 1928 1367 2014 ἀντικριθηναι
1393 1933 1437 2014 τῷ
1463 1926 1554 2012 αύτῷ

272 2042 273 2045 “
318 2049 574 2130 Φιλανθρωπηνῷ
595 2045 724 2131 ἐδεήθη.
747 2051 850 2130 παμύν
873 2049 907 2110 δέ
929 2053 983 2110 καί
1006 2043 1097 2119 αύτύς
1119 2053 1173 2110 καὶ
1195 2061 1253 2112 τῶν
1277 2051 1443 2133 εἰρημένων
1466 2048 1550 2112 ἐπα-

269 2175 272 2180 “
316 2171 493 2250 κρυύμενυς
515 2168 678 2230 διετείνετο
701 2165 845 2230 έκδοῦναι
867 2164 950 2250 αὐτῷ
971 2169 1058 2231 τόνδε
1081 2171 1294 2251 τύνμοναχύν
1313 2168 1471 2253 Βαρλαάμ
1492 2171 1551 2230 διὰ

317 2290 498 2370 γράμματος
531 2290 570 2348 τά
598 2283 645 2348 ἐπί
672 2285 717 2368 τμ”
743 2282 871 2369 ῥηθέντι
898 2287 1046 2370 μονυδρίιρ
1073 2285 1183 2349 έαυτοῦ
1210 2288 1318 2349 δίκαια
1346 2285 1466 2370 τίδὴσει
1492 2291 1551 2349 καὶ

318 2410 490 2468 συναινέσει
511 2411 566 2488 καί
588 2411 694 2489 γνώμη
716 2409 771 2467 καί
793 2413 846 2468 τοῦ
870 2407 1008 2467 τοιούτου
1024 2404 1314 2490 Τριακονταφύλλου
1336 2407 1392 2467 καί
1414 2403 1546 2468 ἀντιλα-

320 2525 381 2604 βεῐν
413 2522 484 2605 παρ’
513 2521 607 2587 αύτοῦ
639 2527 677 2586 τὰ
710 2531 837 2587 τοιαῦτα
864 2511 1135 2607 ἑβδομηκονταδύο
1168 2517 1336 2606 ύπέρπυρα,
1367 2522 1546 2587 κάντεῦθεν

321 2646 483 2725 θαρρήσας
506 2613 594 2711 ούτος
618 2641 749 2724 ἐπέβαλε
772 2653 861 2726 χείρα
884 2639 931 2705 ἐπί
953 2655 990 2726 τη
1013 2640 1200 2726 ὑποκειμένη
1223 2643 1299 2726 τιβδτ
1325 2641 1368 2726 τῷ
1389 2645 1546 2726 μονυδρίιρ

324 2771 379 2844 γη,
404 2762 498 2843 ζεύγη
521 2761 600 2840 βοῦν
629 2764 860 2844 συστησάμενος
887 2765 941 2823 καί
968 2760 1012 2831 είς
1039 2761 1254 2845 ζευγηλατείον
1277 2759 1545 2845 ἀτῦκαταστησας

319 2874 428 2961 αὐτην,
458 2879 532 2960 πρός
563 2879 597 2939 δέ
624 2883 677 2940 καί
709 2877 857 2960 ἀμπέλων
891 2881 1126 2963 καταφυτεύσας
1159 2881 1213 2940 καί
1245 2875 1462 2960 ύδρομύλοινας
1491 2882 1547 2940 καί

317 2995 410 3079 θτερα
432 2994 489 3060 ούκ
512 2994 603 3074 όλίγα
626 2998 726 3060 έκεϊσε
747 3001 971 3080 προσθέμενος.
994 2993 1102 3079 ἡγοῦν
1125 2999 1285 3078 μετριότης
1306 2993 1392 3080 ἡμῶν
1416 2997 1545 3060 συνδια-

317 3119 497 3199 σκεψαμένη
519 3126 580 3187 τοῖς
602 3120 669 3200 περί
692 3113 785 3200 αύτην
808 3115 984 3197 ἱερωτάτοις
1007 3113 1188 3198 ἀρχιερεῦσι
1209 3118 1264 3177 καὶ
1286 3114 1401 3198 ἄκυμον
1414 3111 1544 3200 ἡγησα-

320 3240 397 3319 μένη
429 3239 483 3297 καί
513 3239 645 3318 κρίνασα
667 3235 721 3318 τὴν
755 3235 898 3319 τοιαύτην
924 3237 1040 3318 πρᾶξιν,
1069 3234 1211 3316 ἄντικρυς
1241 3228 1409 3316 διάπρασιν
1439 3233 1547 3311 ούσαν,

320 3351 374 3416 ἅτε
396 3364 454 3416 τῦν
477 3347 565 3436 ἱερῶν
587 3357 725 3416 κανόνων
749 3353 937 3438 ἀνεκτοίητα
960 3358 1011 3417 τύν
1039 3353 1087 3417 ἀεί
1115 3359 1227 3438 χρόνον
1253 3359 1417 3438 τυγχάνειν
1439 3377 1546 3439 παρα-

319 3473 526 3555 κελευομένων
549 3476 588 3534 τά
610 3470 803 3557 ἀφιερωμένα
818 3475 896 3554 θεῷ,
920 3474 1028 3550 διέγνω
1044 3471 1302 3558 καίάπεφηνατο,
1325 3475 1426 3536 τελεῖν
1450 3471 1546 3536 αύτο-

321 3593 467 3654 δέσποτον
488 3593 587 3674 πάντη
609 3595 663 3652 καί
686 3587 944 3670 ἀκαταδούλωτον
966 3590 1026 3654 ἀπό
1059 3594 1172 3661 παντός
1202 3601 1356 3674 κοσμικοῦ
1381 3597 1547 3676 προσώπου

322 3713 355 3772 τύ
378 3719 514 3771 τοιοῦτον
537 3710 696 3792 μονύδριον
718 3717 771 3791 τῆς
793 3681 1038 3792 Πάχνιωτίσσης,
1062 3713 1116 3771 καί
1139 3706 1335 3792 ἀντιστρέψαι
1361 3677 1423 3772 τόν
1439 3711 1547 3796 δηλω-

321 3829 418 3890 θέντα
441 3831 579 3918 μοναχύν
590 3827 743 3910 Βαρλαάμ
765 3828 807 3910 τῷ
828 3823 954 3910 ῥηθέντι
970 3827 1233 3912 Φιλανθρωτηνῷ,
1257 3825 1335 3910 ἅπερ
1351 3829 1451 3909 Ιἔλαβε
1475 3829 1547 3916 παρ’

324 3941 417 4008 αύτοῦ
444 3947 551 4007 τούτου
577 3949 668 4029 χάριν
696 3943 965 4029 ἑβδομηκονταδύο
993 3941 1164 4027 ύπέρπυρα,
1200 3942 1271 4034 ούδέ
1299 3951 1359 4029 γὰρ
1387 3947 1472 4031 εἶχεν
1500 3947 1547 4012 ἐπ’

324 4063 431 4136 ἀδείας
453 4063 531 4134 ὅλως
551 4061 646 4148 α’ύτός
667 4075 777 4146 πρᾶσιν
800 4063 848 4126 ἐπὶ
864 4068 1088 4136 τοῖς-τοῦόύτοις
1104 4033 1270 4134 ποιεῖσθαι.
1295 4063 1359 4127 ἐπεὶ
1373 4064 1443 4130 w,
1459 4068 1547 4153 εἰρη-

243 4271 245 4274 Ι
322 4189 413 4267 μένος
436 4183 700 4266 Φιλανθμωπηνός
724 4183 858 4248 ἀπαιτῶν
880 4183 917 4266 ἠν
934 4188 988 4256 τὰς
1006 4187 1189 4267 προσθήκας
1205 4182 1315 4246 ἑαυτοῦ
1331 4189 1384 4248 καί
1400 4191 1456 4258 τὰς
1472 4189 1545 4268 βελ-

325 4307 442 4372 ειιύστις
458 4307 517 4400 ίκαί
539 4306 576 4364 τὰ
599 4307 789 4385 συστήματα,
812 4283 932 4364 δίκαιον
956 4300 1145 4395 νκρίθηςίυς
1161 4300 1379 4392 ἀνξξετάσεως
1397 4303 1546 4386 ἀκριβοῦς
1564 4344 1568 4350 ·

326 4427 491 4506 ’γενομένης
515 4421 578 4515 μετ’
596 4421 769 4507 ἀσφαλείας
785 4417 838 4504 τῆς
854 4424 1080 4512 προσηκούσης,
1104 4419 1164 4483 ὅσα
1187 4392 1242 4503 μέν
1263 4419 1432 4506 ἀναφανείη
1448 4443 1546 4505 προσ-

319 4551 396 4616 εῖναι
426 4541 478 4624 τήν
506 4539 605 4625 ἀρχὴν
637 4538 843 4624 τιρῖτοιούτηι
866 4541 1016 4624 μονυδρίιρ
1043 4543 1095 4602 διά
1124 4561 1155 4603 τε
1181 4539 1307 4604 εἰκόνων
1333 4545 1387 4605 καί
1411 4543 1544 4624 βιβλίων,
