3282 5270
307 275 370 342 518

308 457 466 542 ὦργίσθην
486 459 567 520 κατὰ
588 465 646 519 τῶν
668 451 784 540 ῥηγῶν,
801 453 902 540 θοατρ
923 457 1044 538 μίλλεις
1066 457 1177 540 μαθεῖν
1196 459 1250 519 καί
1264 455 1322 520 ἀπὸ
1338 465 1397 520 τῶν
1412 473 1516 539 γραμ-

307 579 410 661 μάτιον
432 596 499 660 μοο,
521 579 576 638 καί
595 577 700 646 καλῶς
721 573 866 660 ἰτοίησας
886 575 988 638 πολλὰ
1008 577 1061 638 καί
1084 575 1221 658 ἔγραψάς
1244 596 1296 657 μοι
1312 577 1382 655 περί
1397 575 1516 648 τούτου,
1612 611 1630 627 ·

306 699 360 757 καί
382 691 399 758 ύ
421 713 453 758 τε
474 695 592 770 θίλεις,
614 692 670 756 καὶ
690 693 720 756 εἴ
739 716 767 756 τι
787 693 925 777 χρη’ζεις,
948 697 1045 780 γράφε
1068 697 1147 775 μετὰ
1167 695 1269 776 πάσης
1294 695 1514 776 πληροφορίας,

306 816 360 874 καί
381 811 473 896 ζήτει,
496 809 568 895 ὅπερ
593 813 709 888 θίλεις,
736 809 753 874 ὁ
778 815 878 896 πατήρ
905 833 961 875 σοο
986 815 1045 894 γάρ
1072 811 1135 894 είμι
1156 815 1209 874 καί
1232 809 1292 888 ίγιύ
1313 814 1369 873 καί
1390 811 1429 872 σθ
1450 809 1515 882 οίύς

306 952 364 1014 μου
385 935 519 1016 γνήσιος.
543 931 589 994 ίτι
609 929 643 994 δί
666 935 720 993 καί
741 928 758 993 δ
779 929 843 1003 οἱύς
871 952 942 1013 μοο,
969 928 985 992 δ
1008 929 1140 1014 ἀδελρύς
1162 951 1226 1004 σοο,
1248 927 1265 990 ὁ
1286 937 1343 1012 κδρ
1364 927 1514 992 Βολοντί-

305 1061 420 1132 μοιρος,
442 1047 551 1126 ἆγατῶ
565 1051 632 1132 ,γάρ
657 1048 717 1126 ίγιδ
738 1053 794 1111 καί
819 1057 924 1112 τοῦτον
948 1049 1049 1112 πολλὰ
1070 1053 1123 1110 καί
1146 1045 1348 1130 ἀποδέχομαι,
1374 1044 1413 1108 δι’
1435 1043 1517 1129 άπερ

305 1164 513 1249 δχειιᾶγαθά,
528 1170 589 1227 ’καί
611 1169 648 1229 τὰ
670 1163 749 1228 αύτά
770 1169 878 1250 γράφω
899 1168 953 1228 καί
975 1164 1018 1236 τίς
1042 1161 1142 1240 αὐτὸν,
1162 1161 1222 1228 ὅσα
1242 1169 1296 1226 καί
1317 1161 1360 1233 τίς
1381 1163 1437 1246 τὴν
1458 1159 1516 1224 εύ-

306 1287 425 1360 γίνειιίν
456 1305 521 1348 σοι).
553 1286 605 1346 καί
630 1280 648 1346 ὁ
674 1279 750 1355 θεὸς
779 1287 818 1346 νά
847 1284 978 1368 διατηρη
1008 1279 1087 1366 ὑμᾶς
1116 1281 1257 1358 ἀνύσοος,
1288 1279 1433 1364 ἀβλαβεῖς
1457 1282 1517 1343 καί

305 1398 471 1482 ἃνοτίροος
491 1398 753 1482 παντὸςάνιαρού
774 1404 1002 1485 σοναντὴματος
1023 1403 1052 1478 †.

387 1521 408 1596 †
460 1516 567 1601 Εἶχε
611 1521 687 1580 καί
729 1519 803 1581 διὰ
842 1523 995 1602 τιμίας
1034 1525 1370 1602 πατριαρχικῆς
1420 1537 1517 1600 χει-

305 1636 476 1716 ρεςιιι·
513 1616 616 1720 W!
646 1635 820 1718 νοιιιφ,
852 1635 930 1700 ιιι.
963 1636 992 1720 η’
1022 1639 1052 1713 †.

554 1819 704 1884 ‹30th.
727 1821 965 1899 (τοτε-τετε)
979 1801 1074 1884 iu'nio.
1089 1819 1153 1884 ind.
1168 1821 1249 1883 vm.

304 1959 489 2018 Patriam
507 1964 615 2018 lietera·
637 1965 836 2018 ωιπαιοιεω
853 1924 937 2017 αισα
960 1963 999 2016 aa
1021 1963 1219 2034 „motem
1239 1961 1358 2016 Κύριαι
1379 1969 1405 2014 ει
1428 1963 1516 2015 σοι.

840 2081 970 2138 Βατείας.

388 2229 409 2302 †
439 2223 590 2308 Ἱερύτατε
613 2227 819 2310 μητροπολῖτα
838 2225 961 2308 Κοίβοο
981 2229 1036 2290 καί
1059 2229 1161 2311 πάσης
1182 2224 1324 2302 Ῥοισίας,
1357 2221 1514 2308 θτίρτιμε,

304 2340 337 2406 ἐν
359 2339 436 2426 ἆγίιρ
457 2347 602 2427 πνεύματι
625 2343 761 2430 ἀγαπητά
785 2345 898 2430 ἂδελρὲ
921 2355 975 2428 τῆς
994 2343 1081 2432 ἡμῶν
1103 2349 1296 2432 μετριότητος
1309 2348 1364 2407 καί
1386 2345 1512 2408 σολλιι-

300 2465 420 2543 τοοργί.
433 2466 531 2546 χάριν,
555 2461 685 2546 εἰρήνην,
709 2464 804 2540 ἔλεος,
827 2461 931 2541 ὑγείαν
953 2469 1062 2548 ψυχῆς,
1085 2459 1176 2544 ῥῶσιν
1196 2466 1336 2545 σώματος
1355 2465 1411 2524 καί
1431 2459 1513 2524 ἄλλο

303 2577 506 2656 πάν.’άγαθύν
528 2579 605 2663 ύμού
626 2585 680 2646 καί
702 2585 847 2664 σωτήριον
869 2581 1029 2666 ἐτεύχετον
1050 2593 1088 2665 τη
1114 2579 1243 2663 ίερύτητί
1269 2599 1324 2643 σοο
1344 2575 1364 2662 ἡ
1388 2581 1513 2661 μετριύ·

304 2717 358 2778 της
379 2693 464 2780 ἡμῶν
487 2695 546 2760 ἀπὸ
569 2702 645 2760 θεοῦ
671 2703 924 2782 παντοκράτορος.
957 2703 996 2762 τά
1017 2703 1183 2781 γράμματα
1204 2706 1258 2781 τῆς
1278 2695 1433 2783 ἱιρύτητύς
1455 2715 1514 2759 σοο

303 2813 549 2898 διεκομίσθησαν
571 2814 706 2878 ἐνταῦθα
725 2821 799 2898 πρύς
821 2817 874 2899 τήν
895 2812 980 2900 ἡμῶν
1003 2819 1192 2898 μετριότητα,
1214 2817 1268 2876 καί
1287 2812 1434 2895 ίγνώρισα
1450 2810 1513 2876 ἀπὸ

305 2933 415 2994 ’τούτων
437 2935 490 2994 καί
512 2930 571 2995 ἀπὸ
593 2941 645 2995 τοῦ
669 2932 832 3017 ἀνθρώπου
850 2955 915 3009 σου,
937 2941 990 2996 τού
1004 2932 1194 3014 Ἀββακούμ,
1209 2933 1513 3013 τούδιαιιομίσαντος

303 3055 408 3124 ταῦτα,
428 3053 528 3112 πάντα
546 3047 609 3113 ύσα
632 3052 762 3136 ἔγραφες
783 3055 837 3114 καί
862 3050 1021 3136 ἀνίφερες·
1054 3049 1200 3134 ἰτοίησας
1234 3048 1286 3113 οὖν
1317 3050 1422 3120 καλῶς
1454 3053 1511 3112 καί

247 3161 248 3165 ’
303 3165 483 3238 ἀπέστειλας
505 3167 640 3230 ἐνταῦθα
659 3167 831 3254 ἐγγράφους
853 3190 909 3232 σοο
932 3167 1092 3255 ἀναφορὰς
1107 3175 1161 3233 καί
1183 3168 1342 3251 ἅνθρααύν
1364 3187 1430 3244 σοο,
1451 3171 1508 3230 καί

301 3283 346 3356 ύς
376 3285 422 3349 δεῖ
450 3299 545 3348 ποιεῖν
577 3291 691 3359 πάντας
713 3290 783 3360 τούς
808 3285 971 3372 ἀρχιερεῖς,
1004 3291 1146 3365 γινώσκει
1167 3284 1266 3372 γὰρὴ
1300 3285 1419 3370 ἱερύτης
1452 3307 1517 3369 σοο

302 3401 435 3484 ἀκριβῶς
468 3405 520 3487 την
553 3403 596 3475 είς
629 3415 716 3467 τοῦτο
748 3407 915 3490 κανονικήν
947 3411 1045 3491 ψῆφον
1075 3410 1128 3468 καί
1149 3407 1379 3488 ταρατίλεοσιν,
1412 3404 1507 3488 ἧγοον

299 3517 379 3592 ὅπως
394 3526 504 3606 πρίπει
525 3526 640 3594 πάντας
661 3526 731 3595 τούς
751 3528 833 3587 κατὰ
855 3527 945 3587 τύπον
972 3523 1130 3608 ἀρχιερεῖς,
1163 3533 1221 3588 ποδ
1244 3529 1298 3608 μίν
1320 3519 1431 3595 αύτούς
1453 3523 1505 3605 ἕρ·

298 3643 415 3722 χεοθαι
443 3627 520 3724 πρδς
541 3643 593 3704 τὸν
612 3645 804 3728 πατριάρχην
836 3647 891 3708 καί
912 3645 965 3728 τήν
987 3646 1076 3706 θείαν
1098 3648 1152 3706 καί
1173 3643 1256 3726 ἱεράν
1279 3643 1415 3718 σύνοδον,
1447 3650 1504 3706 τού

298 3757 342 3832 δί,
359 3743 439 3822 γὅταν
461 3755 549 3822 ούδίν
566 3737 668 3843 Ιίχιιιιι
689 3770 777 3827 τούτο
800 3760 1015 3839 εύκολον,·καί
1036 3765 1201 3845 γράμματα
1225 3765 1352 3844 πίμπειν
1373 3764 1427 3824 καί
1448 3758 1503 3824 ἂν·

297 3878 438 3955 θρώποος
470 3880 523 3938 καί
549 3875 708 3962 ἀναφίρειν
734 3883 787 3942 καί
810 3883 921 3964 ζητεῖν,
946 3883 1013 3962 περί
1034 3877 1075 3942 ὧν
1098 3880 1255 3962 χρῄζουσι.
1288 3879 1335 3948 δίς
1356 3885 1429 3956 γούν
1450 3885 1502 3940 τού

295 3995 408 4076 χρύνοο
429 3994 482 4074 τὴν
505 3991 602 4077 ἀρχὴν
624 3993 653 4056 οί
675 3993 749 4079 ἱεροί
770 3996 825 4059 καὶ
845 4001 927 4060 θεῖοι
948 4001 1076 4068 κανόνες
1098 3997 1251 4079 ἔρχεσθαι
1272 3994 1413 4058 ἐντεῦθεν
1431 3995 1501 4068 τούς

282 4109 446 4194 ’ἀρχιερεῖς
468 4115 539 4183 τούς
559 4110 723 4198 ἡμττίρούς
744 4093 1015 4198 παρεκελεύσαντο,
1039 4115 1104 4176 εἶτά
1126 4136 1204 4186 τινες
1220 4112 1343 4198 ύστερον
1358 4113 1501 4184 ἐλθύντες

294 4240 351 4290 τῶν
374 4227 468 4306 ἁγίαν
502 4227 667 4314 ἀρχιερίενν
699 4235 751 4294 διά
777 4255 809 4295 τε
832 4237 869 4296 τὰ
891 4235 1085 4318 διαστήματα
1107 4244 1159 4296 τού
1185 4237 1276 4296 τύποο
1298 4238 1352 4296 καί
1374 4235 1427 4295 διὰ
1448 4234 1501 4315 τήν

294 4345 458 4408 ἁτθίνειαν
491 4357 547 4410 τοῖν
571 4349 736 4432 ἀνθρώπων
758 4350 839 4425 ἅπαξ
860 4355 910 4415 τὸν
933 4349 1067 4414 ίνιαιιτόν
1090 4353 1274 4424 διετάξαντο.
1308 4350 1500 4434 ἁπεδτζάμην

294 4461 345 4526 σύν
377 4467 431 4548 την
464 4470 518 4549 σὴν
541 4466 680 4551 ἱιρύτητα
701 4473 754 4534 καί
776 4469 908 4553 ἐπῄνεσά
936 4493 980 4548 σε,
998 4475 1057 4536 ,καί
1078 4477 1193 4554 πρέπει,
1220 4475 1257 4534 νά
1278 4481 1367 4556 ποιῇς
1400 4479 1498 4546 τοῦτο,
