3284 5282
1256 301 1365 364 'Vll-

115 519 227 590 neque
258 493 374 566 minus
405 518 462 566 eos
492 495 604 566 valere
630 495 674 566 ad
702 494 935 589 explicandam
961 491 1200 589 geographiam
1228 505 1333 561 terra-

115 653 193 698 rum
209 629 292 700 olim
310 627 540 700 subiectarum
558 629 755 724 imperatori
772 627 1016 699 Romanorum.

219 794 323 874 Quod
349 797 475 868 attinet
500 797 543 866 ad
570 795 746 878 rationem,
779 821 847 890 qua
876 795 913 866 in
937 795 1002 866 hoc
1024 796 1134 890 primo
1163 795 1333 865 volumine

113 931 286 1002 editorum
304 955 447 1002 munere
463 931 572 1002 iuncti
590 957 721 1012 sumus,
745 957 854 1027 pauca
874 931 972 1002 nobis
994 929 1138 1000 dicenda
1159 930 1329 1000 videntur:

115 1080 251 1137 textum
278 1066 404 1138 codicis
429 1067 598 1138 intactum
625 1066 835 1161 reliquimus,
864 1064 1021 1136 correctis
1046 1079 1183 1134 tantum
1205 1067 1333 1161 apertis

114 1201 330 1272 librariorum
360 1200 493 1270 mendis
524 1215 559 1272 et
589 1201 722 1272 adiecta
756 1199 1038 1296 interpunctione.
1075 1199 1104 1270 si
1134 1225 1202 1295 qua
1230 1201 1333 1287 verba

115 1337 273 1406 addenda
304 1336 515 1431 putavimus,
545 1336 641 1406 uncis
675 1335 888 1407 inclusimus.
925 1336 1151 1429 quorumdam
1180 1349 1332 1406 actorum

114 1495 289 1541 summam
307 1485 443 1542 tautum
461 1469 689 1550 exhibuimus,
709 1495 823 1540 eorum
842 1470 968 1541 scilicet
986 1494 1071 1565 quae
1088 1471 1162 1542 aliis
1181 1471 1332 1581 eiusdem

112 1605 250 1699 generis
288 1604 430 1700 integris
469 1603 647 1699 exscriptis
686 1604 771 1674 nihil
810 1605 886 1674 novi
924 1604 1125 1676 videbantur
1159 1607 1336 1699 continere

111 1753 251 1834 praeter
275 1738 322 1820 id,
353 1740 441 1833 quod
468 1739 584 1834 paucis
614 1737 720 1809 verbis
742 1739 900 1834 explicari
926 1753 1056 1832 posset:
1084 1739 1212 1812 librum
1239 1740 1330 1810 enim

115 1875 188 1946 sine
223 1873 424 1946 necessitate
463 1897 684 1968 augeremus,
722 1873 750 1943 si
785 1874 897 1944 omnia
933 1888 1008 1944 acta
1041 1875 1173 1970 integra
1208 1875 1332 1947 exscri-

116 2008 294 2090 beremus,
327 2009 452 2104 quibus
482 2009 576 2080 verbi
601 2009 709 2103 gratia
738 2009 917 2104 episcopus
943 2009 979 2078 in
1004 2009 1105 2079 aliam
1130 2011 1333 2081 transfertur

116 2143 371 2225 ecclesiam,ch
384 2144 507 2238 quibus
521 2143 678 2238 episcopo
691 2144 756 2213 alia
769 2143 909 2215 ecclesia
917 2169 979 2239 per
987 2144 1240 2216 adiunctionem
1249 2170 1331 2216 con-

115 2278 233 2348 fertur.
252 2278 335 2349 huic
352 2270 515 2350 volumini
528 2279 720 2350 addidimus
733 2277 880 2348 indicem
893 2277 1167 2373 chronologicum
1176 2279 1328 2350 omnium

113 2426 284 2483 actorum:
313 2425 399 2494 acta,
427 2438 515 2509 quae
541 2413 622 2484 anni
640 2425 720 2484 nota
737 2424 862 2494 carent,
882 2413 912 2482 ei
932 2438 1020 2483 anno
1044 2427 1125 2483 sunt
1141 2413 1325 2508 adscripta,

113 2547 159 2617 ad
186 2571 290 2640 quem
318 2549 510 2618 secundum
539 2549 708 2628 ordinem,
745 2573 812 2642 que
838 2567 913 2618 sese
938 2549 974 2618 in
999 2547 1114 2619 codice
1145 2549 1329 2642 excipiunt,

110 2681 284 2776 pertinere
301 2681 475 2763 videntum
497 2683 596 2754 alteri
613 2683 779 2754 addemus
791 2683 919 2754 indices
933 2683 1132 2754 historicum
1144 2696 1179 2754 et
1192 2709 1331 2779 geogra-

108 2813 253 2910 phicum
276 2815 312 2886 iu
328 2816 429 2887 umbo
446 2816 619 2887 volumina
635 2831 671 2886 et
691 2819 938 2912 prolegomena,
961 2819 996 2888 in
1019 2820 1143 2914 quibus
1165 2821 1328 2890 nonnulla

109 2951 282 3046 explicare
305 2952 516 3031 conabimur,
544 2951 729 3022 maximam
750 2968 884 3048 partem
906 2955 980 3026 aliis
1002 2956 1202 3050 explicanda
1228 2955 1331 3024 relin-

110 3097 271 3178 quentes,
287 3087 448 3167 contenti,
466 3086 571 3156 siviri
584 3085 673 3156 docti
685 3087 946 3181 profitebuntur,
962 3111 1023 3160 nos
1036 3089 1206 3158 editorum
1220 3088 1330 3160 officio

111 3245 180 3289 non
196 3221 303 3290 nimis
321 3221 409 3290 male
431 3221 566 3292 functos
589 3245 673 3290 esse.
704 3246 814 3290 unum
834 3235 970 3292 tantum
993 3223 1048 3294 hic
1070 3225 1330 3319 proponendum

108 3355 262 3425 videtur:
293 3378 372 3422 cum
399 3355 492 3424 enim
517 3368 687 3436 narratur,
712 3355 946 3450 metropolitae
974 3359 1109 3428 cuidam
1136 3385 1167 3427 v.
1195 3385 1227 3453 g.
1251 3358 1330 3430 Ser-

109 3513 239 3570 rarum,
258 3486 418 3558 Melenici
435 3489 597 3560 collatum
615 3513 689 3559 esse
706 3489 819 3559 locum
833 3516 863 3560 v.
880 3515 910 3584 g.
923 3489 1198 3589 Traianupoleos,
1213 3493 1331 3566 Rhodi

113 3630 132 3703 ό
163 3632 277 3712 τόπος
298 3639 361 3704 τοῦ
384 3627 735 3727 Τραϊανουπόλειος,
760 3643 823 3704 τοῦ
848 3631 972 3706 Ῥόδου
996 3635 1149 3720 (00011,
1170 3635 1329 3726 000111)

112 3788 188 3856 etc,
210 3775 279 3846 hoc
301 3774 349 3843 ita
365 3787 418 3844 est
434 3773 706 3868 intelligendum,
732 3776 983 3870 metropolitam
1005 3777 1195 3861 Serrarum,
1219 3780 1330 3852 Mele-

113 3917 177 3987 nici
195 3917 337 4012 ubique:
371 3916 411 3992 ἔν
442 3939 483 3988 τε
515 3917 670 3989 στάσεσι
702 3917 765 3989 καὶ
792 3919 1004 4017 teostitae
1030 3932 1113 4005 ταῖς
1139 3925 1235 4020 μετὰ
1260 3935 1329 4023 τῆς

111 4065 213 4166 ἱερᾶς
246 4057 313 4149 aei
345 4071 518 4166 μεγάλης
550 4066 704 4142 συνόδου
727 4069 792 4143 καὶ
814 4085 1007 4170 πανταχοῦ
1031 4068 1204 4165 (00011.)
1228 4103 1329 4149 occu-

110 4211 273 4307 paturum
304 4237 379 4284 esse
404 4214 517 4284 locum
548 4213 782 4307 metropolitae
799 4213 1079 4314 Traianupoleos,
1115 4219 1231 4292 Rhodi
1258 4237 1323 4294 ete.
1414 4193 1417 4201 Α

111 4345 159 4418 Cf.
180 4347 370 4418 Andronici
384 4345 572 4444 Palaeologi
586 4347 734 4420 Senioris
749 4353 1034 4442 (laea—1320)
1055 4354 1203 4425 indicem
1220 4359 1328 4428 eecle-

110 4491 234 4574 siarumv
248 4491 372 4564 throno
386 4494 748 4590 constantinopolitano
762 4496 954 4587 punientium
969 4501 1088 4586 (ὅπως
1109 4511 1173 4576 νῦν
1195 4502 1320 4596 ἔχουσι
