3258 5282
337 289 400 353 ⁴46

339 493 390 543 νος
411 475 463 536 τόν
483 473 600 556 καιρόν,
624 472 768 556 μηδόλιες
790 474 947 557 φροντίδα·
956 478 1026 556 περί
1047 475 1154 538 τούτου
1174 477 1362 560 ποιούμενος,
1386 473 1464 538 ἀλλά
1484 477 1533 538 λο-

339 593 508 675 γιζόμενος,
531 589 630 674 ῶσπερ
653 589 690 654 ἀν
711 592 738 654 εί
759 591 942 675 Καμπανίας
963 589 1107 677 ύπῆρχες,
1130 593 1185 657 καί
1203 591 1260 658 οὐκ
1281 593 1325 664 εἰς
1339 595 1394 678 τὴν
1408 591 1523 672 ἀγιιετά-
1619 671 1620 684 χ

337 729 391 793 την
414 710 597 794 μητρόπολιν
611 709 748 795 Σμύρνης
761 712 980 793 προεβιβάίσο·
1003 710 1031 774 εί
1052 715 1110 795 γάρ
1133 710 1259 794 ἐβούλου
1280 713 1429 796 διηνεκῶς
1451 709 1482 773 ἐν
1500 723 1533 794 τη

335 829 501 910 θεοσῶστιρ
533 829 620 891 πόλει
648 829 877 912 Θεσσαλονίκης
904 823 1101 912 εδρίσκεσθαι
1127 828 1182 893 καί
1208 828 1371 893 ἀπολαύειν
1404 828 1533 892 ἀναπαύ-

338 967 415 1017 σεως
435 951 489 1009 καί
511 945 611 1009 ἄλλων
631 947 760 1021 πολλῶν,
775 943 816 1009 ὧν
829 945 921 1010 ἐνεκοι
935 949 1042 1016 ποθεῖς
1063 943 1174 1010 αύτόθι
1187 949 1380 1030 παραμένειν,
1407 943 1463 1011 οόκ
1478 948 1534 1010 όδει
1620 943 1621 958 ’

339 1086 374 1128 σε
391 1066 556 1148 μετάθεσιν
579 1067 708 1148 ίηιησαι
721 1067 776 1126 καί
791 1065 901 1148 ταύτην
923 1062 1141 1150 ἀναδέξασθαι,
1165 1063 1246 1128 ἀλλά
1260 1069 1358 1148 μένειν
1375 1065 1419 1137 εἰς
1434 1065 1452 1127 δ
1467 1065 1534 1128 όλπ·

334 1203 392 1267 χες
415 1183 447 1256 ἀί
462 1180 569 1266 ἀρχῆς,
592 1180 725 1264 ἀκριβῶς
747 1185 804 1264 γάρ
827 1180 995 1256 ἐπίστασαι,
1018 1178 1115 1265 όπόση
1139 1183 1278 1253 ἔνστασις
1300 1181 1436 1260 ἐγεγόνει
1456 1186 1532 1266 παρά

337 1311 396 1364 τῶν
429 1299 589 1384 ἱεροτάτων
622 1298 800 1382 ἀρχιερέων,
838 1297 969 1384 ὁπηνίκα
1001 1311 1059 1362 τῶν
1091 1298 1226 1364 ἐνταῦθα
1258 1298 1387 1385 ἐξήρχοο
1420 1301 1468 1366 ἐπί
1497 1299 1533 1384 τᾷ

336 1421 519 1500 καταλαβεῖν
542 1439 576 1481 σε
596 1413 715 1492 αύτόθι,
738 1417 896 1494 λεγόντων,
911 1420 1017 1491 δοῦναί
1042 1438 1077 1481 σε
1094 1415 1264 1502 ἐγγράφην,
1290 1415 1368 1482 ὥστε
1383 1418 1535 1502 ἀμεταδό-

334 1559 392 1608 τως
412 1537 643 1618 παραγενέσθαι
665 1533 708 1606 είς
729 1537 782 1618 την
803 1539 885 1598 κατά
907 1557 942 1598 σε
964 1533 1143 1618 ἐκκλησίαν,
1164 1538 1239 1618 πρός
1254 1535 1306 1608 οὓς
1320 1540 1536 1620 τεχναίόμενος

335 1652 435 1737 ῶσπερ
458 1654 558 1739 ἐφθης
580 1652 679 1728 εὶπιύν,
696 1650 737 1724 ὡς
760 1651 821 1736 μετ’
845 1649 947 1731 δλίγον
973 1655 1094 1737 μέλλεις
1120 1652 1220 1717 ἐκεῖσε
1247 1651 1420 1738 ἀφίξεσθαιἸ
1448 1656 1483 1718 σύ
1505 1655 1536 1716 δέ

335 1776 453 1835 πάντων
479 1781 537 1832 τῶν
563 1772 704 1833 τοιούτων
730 1768 962 1855 ἀμνημονησας,
987 1774 1061 1854 πρός
1086 1771 1122 1834 δέ
1146 1775 1202 1833 καί
1226 1772 1279 1854 την
1301 1768 1338 1834 ἐκ
1363 1781 1422 1833 τῶν
1448 1774 1537 1833 θείων
1621 1761 1622 1804 ³

333 1892 388 1954 καί
410 1887 496 1972 ἱερῶν
517 1892 652 1952 κανόνων
675 1887 882 1972 ἐπηρτημένην
905 1909 954 1951 σοι
976 1886 1113 1973 ἀνάγκην
1139 1893 1193 1952 καί
1218 1884 1411 1974 ύφορῶμενος
1432 1891 1535 1972 κάθη·

333 2029 395 2084 σαι,
417 2015 470 2072 τού
494 2012 548 2090 μέν
576 2005 725 2090 δνόματος
747 2015 800 2090 της
822 2004 993 2091 ἁγιωτάτης
1016 2008 1230 2091 μητροπόλεως
1254 2005 1415 2070 ἀπολαύων
1437 2007 1535 2090 Σμύρ-

333 2146 398 2211 νης,
420 2137 478 2188 τῶν
500 2126 534 2187 δέ
557 2124 593 2187 ἐκ
615 2127 722 2188 τούτου
744 2146 793 2188 σοι
814 2123 1018 2210 δφειλομίνων
1044 2125 1140 2208 ἐργων
1164 2129 1219 2188 καί
1239 2129 1335 2189 τόνων
1360 2130 1461 2208 πόρριε
1481 2147 1537 2190 που
1622 2147 1623 2170 ι

333 2241 549 2329 ἀφιστάμενος,
573 2241 736 2306 ἀσθένειαν
758 2245 854 2327 δῆθεν
875 2247 929 2307 καί
951 2243 1031 2307 ἀλλα
1052 2244 1203 2306 δοκοῦντά
1225 2265 1274 2306 σοι
1296 2241 1536 2327 ὑποκρινόμενος.
1622 2309 1623 2312 ,

331 2357 352 2446 ἡ
376 2369 448 2438 γοῦν
472 2363 630 2443 μετριότης
651 2357 746 2444 ἡμῶν,
768 2365 876 2443 καίπερ
891 2357 1093 2444 δφειλομένως
1110 2360 1236 2443 ἔχουσα,
1252 2361 1292 2442 μη
1308 2357 1385 2430 όλως
1402 2358 1537 2442 ἀναβολῄ
1622 2427 1623 2434 ,

276 2525 278 2533 .
332 2486 428 2540 ταῦτα
449 2479 564 2557 δοῦναι,
588 2475 668 2540 ἀλλά
690 2480 767 2559 μετὰ
788 2479 822 2540 τό
841 2478 1063 2562 παραδηλῶσαί
1079 2501 1128 2542 σοι
1141 2482 1207 2561 περί
1229 2480 1335 2542 τούτου
1349 2477 1395 2549 δἰς
1409 2482 1463 2540 καί
1477 2482 1538 2560 τρίς

331 2600 386 2659 καί
407 2596 565 2670 πολλάκις,
591 2597 785 2678 ποιήσασθαι
810 2597 845 2657 τό
872 2605 932 2666 τοῖς
958 2596 1056 2668 θείοις
1081 2593 1135 2658 καὶ
1161 2593 1249 2678 ἱεροῖς
1276 2598 1384 2658 κανόσι
1415 2596 1538 2670 δοκοῦν,

330 2709 412 2795 δμως
426 2732 462 2789 γε
489 2715 600 2794 μέντοι,
629 2713 978 2795 συγκαταβατικιοτέρως
1000 2714 1186 2795 διακειμένη,
1210 2709 1359 2792 ἀπόβλεπε
1379 2713 1457 2794 πρός
1481 2713 1538 2795 τήν
1623 2729 1624 2766 ί

329 2831 385 2913 σὴν
406 2833 589 2912 προαίρεσιν,
613 2828 736 2912 οἰομένη
758 2831 1043 2912 προαιρεθησισθαί
1064 2849 1099 2890 σε
1121 2827 1164 2899 εἰς
1185 2830 1219 2891 τό
1242 2827 1376 2900 ἐξελθεῖν
1397 2837 1456 2890 τῶν
1476 2825 1537 2892 αύ-

328 2948 401 3010 τόθι
421 2949 474 3009 καί
496 2945 539 3016 εὶς
561 2947 615 3028 τήν
637 2943 756 3028 ἐνορίαν
778 2954 831 3029 τῆς
852 2947 1009 3031 λαχούσης
1032 2967 1066 3010 σε
1089 2945 1257 3030 ἐκκλησίας
1280 2943 1475 3030 ἐπιδημῆσαι,
1497 2943 1536 3009 οό

329 3067 388 3147 γάρ
410 3065 463 3147 την
486 3065 653 3146 μετάθεσιν
676 3063 777 3146 ἔσχες,
800 3061 877 3126 ὥστε
899 3061 1060 3146 ἱερουργεῖν
1082 3067 1136 3126 καί
1159 3065 1257 3126 πάντα
1282 3067 1320 3126 τά
1341 3075 1403 3134 τοῖς
1425 3061 1535 3148 ἀρχιε-

328 3191 412 3266 ρεῶσι
432 3185 626 3266 προσήκοντα
649 3181 680 3246 ἐν
702 3193 739 3266 τη
761 3185 926 3265 θεοπτύστῳ
941 3184 1028 3245 πόλει
1042 3183 1253 3268 Θεσσαλονίκη
1275 3184 1448 3266 διενεργεῖν,
1465 3181 1537 3246 ἀλλ’

329 3299 361 3364 ἐν
387 3311 425 3384 τη
451 3297 605 3382 ἀγιωτάτη
632 3301 816 3384 μητροπόλει
842 3299 988 3384 Σμύρνης,
1015 3297 1056 3371 ὣς
1083 3302 1194 3385 ταύτης
1218 3301 1270 3386 την
1292 3303 1400 3385 κλησιν
1421 3303 1536 3383 λαβὸν.

329 3417 394 3483 ἐπεί
414 3421 449 3482 δέ
476 3427 532 3482 σοι’)
555 3417 598 3488 εές
620 3426 707 3480 τοῦτο
731 3419 771 3502 μή
790 3424 1037 3503 προσηρτημένου
1059 3419 1087 3482 οἱ
1109 3424 1163 3502 μὲν
1178 3423 1345 3504 χρισιιανοί
1366 3418 1395 3482 οἱ
1410 3417 1466 3483 ἀπό
1482 3421 1538 3504 τὴν

330 3535 486 3621 ἐπίσκεψιν
508 3545 561 3619 της
584 3533 755 3619 ἁγιωτάτης
779 3537 992 3620 μητροπόλεως
1012 3536 1149 3620 Σμύρνης
1169 3533 1378 3620 εὑρισκόμενοι
1398 3547 1537 3620 συνεχῶς

330 3653 373 3725 είς
405 3656 458 3738 την
490 3651 565 3716 καθ’
599 3649 681 3737 ἡμᾶς
710 3656 800 3716 θείαν
826 3657 880 3715 καί
906 3652 988 3736 ίεράν
1015 3655 1141 3716 σύνοδον
1174 3653 1328 3738 ἀναφορὰς
1361 3650 1536 3736 ἐγγράφους

327 3773 501 3854 ποιούμενοι
523 3772 643 3834 δέονται
666 3770 881 3855 ἀρχιερατικῆς
906 3777 1089 3856 ποιμανσίας
1117 3770 1272 3855 ἐπιτυχεῖν,
1298 3767 1318 3854 ἡ
1345 3771 1379 3832 δέ
1407 3790 1442 3848 γε
1469 3750 1535 3855 ’με-

328 3892 447 3973 τριότης
468 3887 552 3973 ἡμῶν
574 3889 628 3952 καὶ
650 3885 669 3974 ἠ
691 3895 758 3972 περί
781 3886 872 3972 αὐτην
894 3893 968 3953 θεία
990 3901 1047 3953 τῶν
1070 3890 1237 3973 ἱερωτάτων
1263 3887 1427 3972 ἀρχιερέων
1449 3887 1533 3975 δμη-

330 4027 412 4088 γυρις
428 4001 485 4068 ούκ
502 4004 645 4088 ἀνέχεται
661 4005 708 4068 ἐπί
721 4008 813 4069 πλέον
829 4017 881 4090 τῆς
896 4016 952 4088 σης
975 4007 1017 4078 είς
1039 4017 1126 4070 τοῦτο
1150 4005 1302 4089 ἀναβολης
1322 4010 1377 4068 καί
1398 4003 1534 4089 ιἰπερθό-

327 4145 404 4194 σεως
425 4127 479 4186 καί
500 4134 557 4184 τῶν
578 4125 697 4186 πολλῶν
717 4129 905 4208 προφάσεων,
929 4125 965 4196 ἀς
986 4126 1134 4194 πολλάκις
1154 4126 1208 4186 καί
1221 4125 1371 4208 διαφόρως
1386 4120 1533 4207 ὑπάρχεις

264 4307 267 4316 ,
327 4243 596 4326 προφασιζόμενος,
619 4241 687 4303 δέον
710 4241 810 4323 ἐκρινε
834 4245 922 4326 ψήφῳ
944 4240 999 4304 καὶ
1020 4245 1124 4323 γνώμη
1150 4245 1204 4303 καί
1224 4251 1282 4304 τῶν
1308 4243 1448 4302 τοιούτων
1471 4239 1532 4322 ἀρ-

329 4362 454 4442 χιερέων
476 4354 651 4440 ύπερτίμων,
674 4357 838 4443 ἀγαπητῶν
860 4362 940 4420 κατὰ
959 4361 1063 4442 κύριον
1079 4357 1217 4442 ἀδελφῶν
1240 4367 1293 4442 της
1308 4355 1392 4442 ἡμῶν
1408 4360 1531 4440 μετριό-

327 4497 416 4562 τητος
436 4480 490 4540 καὶ
511 4477 755 4559 συλλειτουργῶν,
778 4485 831 4540 τού
845 4475 1037 4560 Ἡρακλείοις,
1060 4484 1112 4541 τοῦ
1127 4475 1271 4553 Κυζίκου,
1293 4484 1346 4541 τού
1361 4475 1530 4560 Χαλκηδό-
