3282 5270
289 299 353 362 ⁴60

290 483 388 556 λοοσι,
410 481 462 544 διά
484 502 516 544 τε
538 481 592 564 τήν
615 479 660 552 τίς
681 480 752 552 τοῦς
775 479 928 564 ἀρχιερεῖς
949 485 1109 564 παροινίαν
1123 483 1178 544 καί
1192 477 1277 564 ύβριν
1292 481 1516 566 δμπαροινοῦν-

290 622 346 672 τας
369 597 448 663 ούτω
470 605 553 664 κατὰ
581 610 638 662 τῦν
666 599 753 683 ίτρῦν
779 603 835 662 καί
861 597 1037 684 ἀναθόματι
1062 602 1287 676 καθυπιίγουσι
1313 602 1516 682 διαγορεύον-

289 739 348 792 τος·
372 719 449 782 εἴτι
469 730 528 783 τῶν
550 721 665 782 λαῖκῦν
689 716 895 802 αύθεντήσας,
917 722 1158 803 καταφρονήσας
1183 721 1238 801 μὲν
1258 727 1316 780 τῶν
1340 721 1434 780 θείων
1456 721 1513 778 καί

290 837 458 918 βασιλικῶν
472 840 724 920 προσταγμάτων,
747 837 967 914 καταγελάσας
983 839 1017 899 δὲ
1033 841 1088 898 καί
1103 848 1161 906 τῶν
1177 845 1308 921 φρικτόν
1323 845 1379 918 τῆς
1395 833 1515 918 λκκλη-

291 961 360 1028 σίας
382 958 508 1040 θεσμῶν
531 978 564 1019 τε
585 961 640 1018 καί
666 960 766 1040 νόμων
788 957 938 1041 τολμήσει
963 955 1130 1018 ἐπίσκοπόν
1156 975 1223 1018 τινα
1249 957 1342 1039 τύήαι
1366 954 1387 1040 ἦ
1414 956 1515 1040 ρολα-

289 1080 379 1148 κίσαι
399 1073 419 1158 ἢ
443 1079 537 1157 χωρίς
559 1073 658 1145 αίτίας
681 1074 700 1158 ἦ
724 1074 981 1156 σομπλασάμενυς
1004 1071 1117 1149 αἰτίαν,
1151 1071 1168 1137 ό
1200 1081 1339 1142 τοιοῦτος
1366 1070 1516 1155 ἀνάθεμα

293 1193 383 1255 ἔστω.
408 1192 499 1255 ἔνθεν
514 1214 562 1256 τοι
583 1197 638 1256 καί
659 1190 746 1276 ἡμεῖς
769 1192 954 1263 ἀκολούθως
976 1194 1047 1264 τούς
1068 1196 1107 1255 τά
1129 1201 1257 1254 τοιαῦτα
1270 1194 1445 1275 πράξαντας
1459 1194 1516 1252 καί

291 1310 361 1380 τοῦς
394 1304 498 1380 αὐτοῖς
524 1313 769 1392 συνεργήσαντος
796 1308 843 1372 όπί
869 1321 931 1380 τοῖς
964 1309 1127 1390 δυσσεβίσι
1152 1314 1207 1372 καί
1232 1312 1436 1392 παρανόμοις,
1469 1308 1514 1390 μὴ

288 1431 370 1490 κατὰ
403 1437 474 1491 νοῦν
502 1429 653 1508 βαλόντας
679 1430 713 1490 τό
741 1437 794 1490 τοῦ
821 1428 963 1492 Ἀνανίου
988 1450 1022 1490 τι
1047 1428 1103 1491 καὶ
1131 1429 1318 1513 Σαπφείρας,
1353 1429 1432 1511 μηδὲ
1459 1427 1515 1509 τήν
1623 1412 1624 1444 ¹

290 1545 511 1630 ἐπενεχθεῖσαν
533 1549 705 1632 καταδίκην
727 1545 859 1618 ἐκείνοις
881 1558 943 1618 τοῖς
961 1552 1028 1630 περί
1047 1547 1156 1611 Δαθάν
1178 1550 1232 1610 καί
1252 1547 1410 1629 Ἀβειριόν,
1434 1547 1513 1629 ρηδδ

289 1667 341 1726 τόν
362 1665 469 1748 Ἀχαρ
491 1675 628 1750 παγγινή
651 1666 915 1740 καταλευσθίντα,
938 1662 995 1728 ούκ
1019 1665 1181 1752 ἀρυρισμιρ
1201 1668 1283 1746 μόνιρ
1305 1665 1514 1744 καθοποβάλ-
1623 1754 1624 1775 ρ

289 1784 393 1866 λομεν,
419 1781 500 1846 ἀλλὰ
522 1789 576 1846 καί
599 1782 747 1866 ἀνάθεμα
768 1793 914 1866 ποιοῦμεν
938 1781 1057 1860 αύτούς,
1080 1781 1140 1871 δως
1162 1781 1199 1846 ἀν
1215 1785 1268 1867 τήν
1293 1787 1513 1866 προσήκουσαν

287 1903 342 1962 καί
365 1897 567 1984 δρειλομένην
590 1899 692 1972 αὐτοῖς
715 1904 877 1983 μετάνοιαν
900 1899 1089 1975 όνδτίξωνται
1111 1900 1154 1972 εὶς
1182 1901 1252 1971 τοῦς
1281 1899 1412 1972 ἀνοσίως
1444 1895 1515 1982 παρ’

289 2013 387 2080 αὐτῶν
410 2023 448 2082 τά
471 2024 602 2101 μίγιστα
623 2021 817 2104 λυπηθέντας
839 2018 1020 2100 ἱερωτάτους
1037 2018 1198 2103 ἀρχιερεῖς,
1220 2021 1275 2080 καί
1291 2015 1512 2102 ἀντιστρόήαοι

289 2139 344 2198 καί
361 2135 545 2199 ἀποδῦσωσι
561 2140 600 2200 τά
615 2148 673 2199 τῦν
689 2135 865 2214 ἁγιωτάτων
888 2135 1061 2220 ἐκκλησιῶν
1082 2141 1258 2219 πράγματα,
1281 2132 1400 2219 όσαπερ
1424 2135 1512 2219 ἀρεῖ-

288 2255 376 2316 λονιο
399 2258 454 2316 καί
475 2256 653 2338 διέφθειραν
673 2259 755 2317 κατὰ
770 2257 823 2317 τόν
838 2253 1109 2337 ἀναγεγραμμένον
1125 2257 1243 2336 τρόπον,
1260 2251 1338 2330 εἴγε
1354 2255 1511 2333 βούλοιντο

288 2384 353 2444 ταῖς
376 2377 487 2455 ψυχαῖς
509 2371 624 2436 ἑαυτῦν
646 2377 872 2456 περιποιεῖσθαι
895 2378 1061 2457 σωτηρίαν,
1085 2371 1121 2435 ού
1145 2375 1203 2455 μὴν
1231 2371 1269 2454 δή
1299 2369 1381 2434 ἀλλὰ
1404 2377 1457 2434 καί
1479 2370 1509 2432 οἱ
1623 2392 1624 2405 ’

289 2489 332 2560 τὶς
355 2493 388 2553 τό
412 2489 482 2574 ἑξῆς
505 2490 548 2562 εὶς
569 2493 750 2577 κεραλάδας
773 2490 1014 2575 ἀποταττόμενοι
1039 2495 1182 2554 κατὰτὰ
1205 2491 1352 2572 βασιλικὰ
1373 2494 1429 2552 καί
1451 2490 1510 2574 δη-

287 2613 385 2693 μόσια
404 2611 630 2694 διενιργοῦντις
662 2610 820 2696 όρείλυοσι
841 2615 896 2674 καί
918 2607 1005 2672 αύτοί
1029 2608 1098 2674 κατ’
1127 2607 1238 2674 ούδόνα
1260 2613 1370 2690 τρόπον
1397 2611 1510 2691 λυμαί-

285 2732 398 2792 νεσθαι
420 2735 458 2793 τά
480 2741 538 2792 τῦν
562 2729 737 2812 ἐκκλησιῶν
757 2735 936 2813 πράγματα,
960 2727 1146 2811 ἀρκούμενοι
1163 2733 1268 2811 μόνοις
1283 2738 1345 2798 τοῖς
1362 2725 1511 2811 ἀνήκουσι

285 2846 402 2917 τούτοις
424 2847 627 2930 δημοσιακοῑς
650 2847 793 2920 δικαίοις,
816 2851 871 2908 καί
893 2847 962 2916 τούς
977 2851 1059 2908 κατὰ
1073 2849 1164 2908 τόπον
1182 2845 1408 2928 ἀρχιερατικῶς
1422 2853 1509 2926 προί-

287 2969 464 3043 σταμίνους,
489 2962 696 3044 ἀποστολικὴν
719 2963 825 3025 εἰκόνα
847 2969 1005 3047 φέροντας,
1021 2975 1059 3046 πή
1081 2971 1136 3025 τοῦ
1157 2963 1292 3044 Χριστοῦ
1315 2965 1431 3046 χάριτι,
1458 2963 1509 3022 διά

283 3085 385 3165 πάσης
407 3077 570 3162 εὐλαβείας
592 3087 646 3145 καί
668 3092 756 3164 τιμῆς
780 3083 917 3158 ἀγοντις.
946 3080 1032 3166 καίή
1061 3079 1136 3159 ἁγία
1163 3089 1215 3144 τοῦ
1244 3083 1323 3144 θεοῦ
1349 3081 1507 3168 καθολική
1621 3087 1624 3144 ί

284 3203 338 3260 καί
360 3196 550 3283 ἀπυστολική
574 3199 736 3284 ἐκκλησία,
753 3201 1012 3283 προμηθευομόνη
1035 3221 1067 3262 τε
1090 3205 1145 3262 καί
1160 3195 1370 3285 φροντίζουσα,
1393 3197 1444 3260 ἰ’να
1467 3197 1507 3280 μή

284 3315 315 3379 οἱ
336 3325 470 3379 τοιοῦτοι
498 3315 673 3380 ἀπολύσωσι
700 3323 755 3389 τὰς
782 3321 883 3401 ψυχὰς
910 3314 1023 3390 αύτῦν,
1051 3315 1092 3380 ὧν
1119 3316 1199 3388 ἅπας
1221 3320 1339 3400 κόσμος
1361 3313 1425 3378 σῦκ’
1440 3316 1508 3378 ἰσο-

283 3439 420 3509 στάσιος,
454 3444 550 3498 ταῦτα
584 3437 768 3520 διασκήπτει
800 3439 855 3498 καί
880 3436 1084 3498 διατάττεται.
1118 3436 1147 3498 τί
1177 3440 1231 3517 μὲν
1258 3432 1311 3497 οὖν
1334 3439 1388 3496 καί
1423 3431 1510 3496 αύτοί

285 3557 446 3636 στόργουσι
478 3558 533 3614 καί
561 3552 741 3636 ἐμμένουσιν
769 3554 974 3640 όρειλομὲνως
1001 3553 1044 3623 εἰς
1066 3554 1157 3636 τήνδε
1186 3555 1239 3632 τήν
1268 3554 1434 3635 κανονικήν
1457 3551 1510 3614 καί

283 3675 412 3754 νόμιμον
435 3671 598 3755 συνοδικήν
621 3673 757 3746 διάταξίν
779 3696 812 3735 τε
834 3677 888 3736 καί
910 3673 1101 3746 διατύπωσιν,
1124 3669 1186 3754 ήδη
1209 3672 1322 3732 καλόν·
1346 3670 1373 3731 εὶ
1395 3667 1422 3732 δ’
1446 3667 1508 3746 οὖν,

284 3789 422 3852 ἔστωσαν
444 3795 499 3853 καί
521 3787 616 3865 αύτοί,
639 3787 680 3861 ὥς
701 3803 887 3875 περιφρονεῖν
910 3795 948 3854 τὰ
967 3795 1039 3854 θεῖα
1056 3789 1245 3870 βουλόμενοι,
1263 3785 1319 3850 ὑπό
1342 3793 1393 3852 τόν
1418 3785 1509 3851 αὐτόν

286 3905 459 3992 ὰφορισμόν
492 3913 547 3971 καί
568 3911 602 3970 τό
630 3907 786 3990 ἀπιτῖμιον,
817 3907 859 3980 ιδς
885 3911 1066 3992 δεδήλωται.
1097 3910 1149 3970 διὰ
1175 3914 1271 3970 ταῦτα
1303 3915 1508 3989 παραινοῦμεν

283 4033 439 4105 πατρικῶς
461 4030 515 4088 καί
538 4027 786 4108 συμβουλεύομεν
809 4037 871 4096 τοῖς
894 4031 932 4097 τὰ
953 4030 1091 4108 κοσμικά
1105 4034 1201 4088 ταῦτα
1216 4015 1435 4106 διενεργοῦσιν,
1457 4021 1508 4086 ἵνα

282 4141 326 4214 ως
348 4141 377 4206 οί
398 4143 586 4227 ριλευσεβεῖς
608 4150 696 4229 νόμοι
721 4149 775 4208 καὶ
802 4148 884 4209 θεῖοι
910 4150 964 4208 καὶ
989 4145 1064 4226 ἱεροί
1090 4149 1217 4215 κανόνες
1246 4142 1404 4226 ἐμβριθοῦς
1426 4140 1504 4206 οὕτω

282 4260 553 4342 παρακελιύονται,
577 4260 717 4347 ἀπόγονοι
739 4265 886 4334 καθόλως
909 4262 968 4326 ἀπό
992 4273 1049 4324 των
1072 4261 1337 4346 ὲκκλησιαστικῦιν
1359 4265 1503 4343 πραγρά-
1623 4303 1624 4312 ι

283 4399 353 4440 των.
376 4383 405 4440 τί
426 4381 481 4441 καί
502 4375 666 4464 όρελεῖται,
690 4387 775 4466 φησί,
799 4381 973 4466 ἄνθρωπος,
997 4383 1052 4443 δάν
1068 4385 1119 4442 τόν
1134 4385 1251 4463 κόσμον
1268 4376 1339 4442 δλυν
1355 4378 1504 4460 κερδήση,

281 4498 338 4557 καί
360 4498 505 4581 ζημιωθή
528 4499 590 4581 τήν
603 4501 703 4581 ψυχήν
726 4496 837 4576 αότοῦ;
861 4498 1033 4582 ἀσφαλείας
1055 4498 1235 4562 καίύνεκιν
1257 4507 1312 4566 τοῦ
1334 4501 1446 4579 μηκίτι
1467 4497 1502 4558 τά
