3262 5276
334 491 493 580 μιίρευμες,
514 491 596 567 ὅστις
617 491 675 578 ύπύ
696 499 763 580 θεῷ
783 499 923 579 βλίποντι
938 501 989 562 τόν
1004 507 1059 583 της
1074 499 1274 585 ουνιιδήοειες
1289 499 1449 586 ύκρεύγειν
1463 497 1555 576 όλιγ·

332 633 391 699 χον
413 612 593 700 ύπειριλμην,
606 611 657 678 ἀεὶ
679 612 801 698 δμαυτιβ
825 637 857 679 τε
878 617 930 678 τόν
952 623 1006 678 τοῦ
1027 617 1106 681 θεοῦ
1120 619 1216 703 μόβον
1229 619 1483 702 προστησάμενος
1498 617 1557 701 ρύ-

331 735 427 810 λακα,
449 735 504 796 καί
523 741 626 809 πόσιν,
648 729 695 804 οἷς
716 733 838 804 οίκείυς
858 733 954 818 εἶχον,
967 735 1005 798 τὰ
1027 741 1080 798 τοῦ
1095 736 1176 799 θεοῦ
1191 735 1470 820 διαμαρτυρόμενος
1485 739 1555 818 κρί-

332 868 438 938 ματα,
452 856 508 916 καί
531 853 650 916 πείθειν
675 849 807 935 ύμαυτόν
832 872 865 914 τε
884 825 1064 928 κάκείνους,
1090 854 1167 916 θεύν
1193 854 1303 939 ίρορον
1329 852 1408 917 εἶναι
1434 862 1494 916 οῦν
1521 873 1554 916 τι

331 973 565 1055 πεπραγμόνυν,
589 979 648 1033 τῶν
670 989 704 1032 τε
727 969 943 1052 μελεειεμίνεεν
964 974 1019 1033 καί
1044 971 1151 1054 κριιην
1179 967 1367 1047 ἀδόκαστον,
1394 971 1556 1054 βασιλείαν

331 1093 388 1174 μίν
409 1085 545 1173 ούρανόν
567 1099 629 1159 τοίς
652 1083 686 1150 ού
710 1091 767 1150 καί
791 1089 896 1160 καλός
916 1088 1187 1171 εολιτευσαμίνοις
1208 1087 1467 1174 ίτοιμαυιίμενον,
1495 1100 1558 1162 τοῦς

331 1203 359 1268 δ’
381 1205 524 1306 ίναντίιες
545 1206 601 1290 τὴν
622 1203 733 1270 ίαυτυύ
755 1203 955 1288 ι’τλλοτρίιεσιν
978 1202 1199 1290 ἀπειλήσαντα.
1224 1209 1344 1280 τούτοις
1364 1217 1428 1280 εοίς
1450 1206 1557 1284 λόγοις

330 1326 382 1392 τόν
409 1323 543 1408 ύμαυτού
570 1323 635 1405 βίον
662 1323 860 1406 παρύδειγμα
885 1325 1042 1407 προτιθεὶς
1073 1323 1208 1396 πολλούς
1237 1333 1296 1388 τόν
1327 1333 1381 1388 τοῦ
1407 1325 1558 1406 διαβόλου

328 1444 466 1520 παγίδοιν
488 1441 600 1514 όξείλον
622 1451 661 1526 τῦ
682 1443 786 1526 χάριτι
807 1451 861 1505 τοῦ
883 1440 1030 1524 Χριστοῦ,
1056 1447 1112 1506 καί
1137 1443 1247 1506 πολλοί
1271 1444 1326 1527 την
1353 1442 1400 1514 εἰς
1425 1440 1558 1527 ούρανῦν

330 1565 482 1648 ρίρυυσαν
510 1559 645 1642 ίδρσμυν
672 1557 904 1642 ἀμεταστρεπτί,
930 1563 985 1622 καί
1011 1567 1118 1630 ταῦτα
1134 1565 1199 1624 νόοι
1223 1565 1278 1624 καί
1304 1560 1410 1644 πολλᾷ
1432 1561 1558 1644 πλούτῳ

329 1684 385 1744 καί
405 1680 480 1762 δόξη
501 1678 704 1762 περίβλεπτοι
728 1675 795 1741 όπεί
816 1677 852 1741 δύ
875 1677 919 1750 εὶς
941 1678 1099 1762 μοναχούς
1121 1677 1322 1754 ότόλεσατύν
1344 1677 1557 1764 ίλαρρύτατον

328 1807 383 1862 τοῦ
404 1800 510 1880 κυρίου
533 1797 688 1878 βαστύςας
710 1798 810 1874 ίογύν,
823 1793 928 1880 θαηρα
949 1799 1004 1878 μίν
1027 1803 1080 1880 τῆς
1098 1795 1339 1882 Θεσσαλονίκης,
1363 1798 1397 1860 τύ
1413 1797 1448 1860 δύ
1464 1797 1559 1860 διδσ-
1626 1843 1627 1854 ,

329 1919 473 1982 σκαλείον
499 1927 557 1980 τόν
585 1925 743 2000 μοναχῦν,
774 1917 809 1978 τό
839 1924 894 1999 τῆς
925 1913 1035 2000 ἀρετ-ης
1065 1913 1275 2000 ύργασεηριον,
1302 1918 1354 1980 τόν
1381 1913 1558 1992 ἁγιότατον

328 2027 434 2101 'm
447 2035 701 2118 καταλαμβάνοι,
724 2043 763 2118 τῇ
791 2043 844 2097 τοῦ
871 2037 1011 2100 θανότοο
1039 2035 1155 2119 μελότη
1182 2032 1292 2107 ύκδυύς
1318 2033 1467 2118 ίμαυτύν,
1498 2039 1558 2099 καί

326 2155 491 2239 ίσασιαην
513 2151 590 2237 ίμήν
611 2153 769 2217 πολιτείαν
791 2151 822 2216 οἱ
843 2148 1067 2237 οὐρανομήκεις
1090 2152 1215 2229 όκείνοι,
1240 2150 1311 2236 παρ’
1334 2152 1380 2225 σίς
1402 2151 1557 2239 ύροίτησα
1626 2217 1627 2220 ,

326 2279 382 2338 καί
403 2276 451 2337 τθ-
465 2280 609 2356 μοναχῦν
631 2268 813 2355 ίτελόσθην,
836 2267 878 2343 ὣς
901 2267 964 2334 τύδ’
987 2269 1064 2343 ύνύς,
1084 2280 1143 2335 τόν
1165 2269 1214 2336 ίπί
1236 2281 1294 2355 γης
1320 2269 1452 2348 ἀγαθῶν
1479 2269 1555 2334 ὅπε-
1626 2277 1627 2350 j

326 2393 468 2477 θύμησα,
491 2386 528 2454 ού
550 2390 641 2475 Mem
663 2389 740 2473 ύρυς
762 2391 816 2474 την
838 2387 915 2473 όμὴν
937 2390 1038 2473 ψυχὴν
1060 2387 1155 2465 εἶλεν,
1185 2385 1221 2452 ού
1244 2391 1412 2472 χρημάτων
1439 2387 1554 2452 ἰκιθο-
1626 2433 1627 2472 3

327 2515 393 2595 μία,
416 2509 498 2573 ἰτλλό
518 2513 655 2592 πτωχεία
678 2513 733 2592 μίν
756 2506 825 2591 ίμυί
848 2509 992 2592 διηνεκὴς
1015 2505 1176 2591 ίπιμίλεια
1197 2511 1252 2572 καί
1272 2509 1405 2580 πλοῦτος
1428 2511 1464 2572 τύ
1488 2530 1552 2592 μη·

325 2631 379 2694 δλν
402 2629 507 2713 ιἔχειν,
534 2630 615 2712 πῆξις
642 2629 676 2690 δί
704 2630 821 2711 σαρκός
848 2625 867 2712 ἡ
897 2629 1013 2711 σπουδὴ
1040 2626 1096 2690 καὶ
1121 2629 1155 2691 τύ
1181 2631 1255 2710 πρός
1282 2630 1358 2691 θεὸν
1386 2630 1488 2692 νεύειν
1513 2625 1553 2692 δι’

324 2742 458 2832 ἡσυχίας
480 2745 497 2810 ύ
519 2747 585 2828 βίος
608 2743 689 2816 ἅπας
716 2744 794 2829 ύμοί.
823 2743 891 2808 ἀλλ’
914 2742 988 2828 ὅπερ
1010 2745 1108 2822 εἶκον,
1136 2744 1203 2830 εἶχε
1226 2749 1281 2829 μίν
1303 2744 1358 2828 όμό
1380 2749 1416 2809 τύ
1437 2743 1553 2824 Ἀγιον

323 2865 434 2950 Ὄρος,
463 2863 551 2950 ύρνιο
573 2865 668 2948 θλτη
695 2871 749 2955 Ιτού
774 2865 853 2928 θεοῦ
881 2861 1032 2947 ύκκλησία
1057 2864 1194 2946 πόλεμος
1221 2855 1346 2947 όρριίγη
1362 2865 1551 2946 βαρύτατος·

324 2985 413 3049 ἴσασι
433 2987 544 3054 πόντος
566 2984 620 3067 τήν
643 2980 825 3065 ἆθευτύπην
841 2989 893 3044 τοῦ
907 2980 1077 3063 Καλαβροῦ
1092 2980 1247 3064 Βαρλαὰμ
1262 2979 1389 3064 αἵρεσιν,
1410 2980 1449 3064 ἣν
1466 2980 1551 3046 ὲκεί-

323 3122 376 3174 νος
403 3105 457 3185 μίν
480 3099 653 3185 ύγίννησεν,
681 3099 858 3170 Ἀκίνδυνυς
882 3099 918 3162 δί
947 3096 1115 3183 ίθρίβατο,
1142 3099 1225 3162 κατὰ
1250 3105 1304 3162 τοῦ
1331 3101 1444 3171 ζῶντος
1472 3103 1552 3164 θεοῦ

300 3283 304 3289 ,
324 3222 485 3286 δεινότατα
505 3225 561 3284 καί
582 3221 828 3304 βουλευσόμενος
848 3223 903 3282 καί
925 3219 1183 3302 διαπραξάμενος·
1200 3219 1342 3282 καλείται
1364 3219 1402 3303 δὴ
1426 3217 1552 3302 ύὶερό·

325 3361 417 3411 τατος
448 3339 681 3432 θεσσαλονίκης
699 3341 796 3429 ,παρὰ
830 3346 883 3400 τοῦ
914 3340 982 3400 τότε
1017 3339 1294 3434 πατριαρχεύοντος
1325 3337 1379 3421 τὴν
1410 3340 1552 3422 μεγοίλην

322 3459 411 3522 πόλιν
433 3459 544 3541 ταύτην
565 3445 760 3536 καταλαβεῖν
774 3461 828 3519 καί
850 3457 891 3538 τῷ
910 3453 1064 3538 Βαρλοιὰμ
1085 3456 1268 3539 προσβαλεῖν
1293 3458 1348 3519 καί
1369 3456 1414 3529 είς
1437 3457 1551 3534 λόγους

325 3577 428 3640 ύλθείν
450 3573 568 3657 ὶκείνιρ,
593 3579 662 3658 περί
684 3571 724 3637 ὧν
745 3583 938 3656 καινοτομιῦν
960 3571 997 3658 ην
1020 3577 1074 3636 καί
1099 3577 1185 3638 κατὰ
1208 3571 1263 3657 τῆς
1290 3571 1445 3658 ἀληθείας
1473 3597 1549 3658 μαι-

322 3698 466 3778 νόμενος,
493 3695 535 3778 τῷ
555 3693 593 3778 δη
616 3694 743 3776 τοιούτῳ
767 3691 919 3775 ἱερωτάτη
941 3693 1174 3777 Θεσσαλονίκης
1201 3695 1353 3777 προμύχιρ
1374 3702 1434 3778 τῆς
1456 3691 1548 3758 εύσε-

324 3814 410 3896 βιίας
431 3816 618 3876 καταστάντι
639 3817 723 3895 παρὰ
744 3814 823 3876 θεοῦ
850 3813 1014 3894 σύμμαχον
1036 3815 1091 3874 καί
1117 3809 1209 3882 αύτύς
1236 3810 1367 3894 ἐμαυτόν
1389 3817 1549 3898 καρίσχον

322 3935 488 4014 καίκοινβ
511 3927 575 4014 μετ’
587 3927 681 3994 αύτοῦ
703 3953 736 3994 τι
759 3935 890 4013 κοίτης
913 3929 1055 4002 συνοδίας
1076 3939 1134 3993 τῶν
1158 3926 1239 4011 όμιῦν
1262 3927 1403 4016 ἀδελφόν
1432 3940 1548 3994 τόντε

177 4071 188 4093 ·
321 4060 375 4136 της
397 4049 573 4131 ύδυιαορίας
599 4052 747 4132 καμάτων
773 4045 977 4134 ἠνεσχόμεθα
1002 4053 1057 4110 καί
1083 4051 1166 4112 κατὰ
1192 4049 1246 4132 την
1272 4049 1361 4112 πόλιν
1388 4053 1549 4134 γενόμενοι

322 4172 373 4233 τόν
399 4171 441 4232 τε
459 4167 564 4245 ἀγῶνα
595 4177 650 4252 τῆς
676 4169 767 4252 δίκης
794 4168 1028 4253 διηγωνίσμεθα
1053 4169 1108 4230 καί
1135 4167 1190 4250 τὴν
1220 4178 1355 4232 νικῶσαν
1381 4150 1545 4252 δλιίβομεν,

321 4292 401 4352 θεοῦ
427 4288 539 4371 ταύτην
565 4288 766 4369 βραβεύοντος
793 4285 913 4350 ἄνωθεν
940 4284 995 4350 καὶ
1022 4287 1173 4366 βασιλίσιν
1199 4284 1281 4350 δυοῖν
1310 4291 1365 4350 καί
1395 4293 1450 4350 τοῦ
1476 4289 1545 4348 τύτε

319 4413 579 4490 πατριαρχούντος
606 4403 661 4478 καὶ
690 4409 803 4477 παντός
833 4414 887 4469 τού
918 4404 1000 4488 ἱεροῦ
1032 4403 1150 4468 ὶκείνου
1179 4407 1394 4489 πληρώματος.
1428 4414 1484 4490 της
1509 4406 1543 4468 δύ

319 4523 538 4606 Μοντμβατὶας
565 4528 691 4606 ’γνησίου
718 4529 862 4606 ποιμένος
890 4521 1092 4606 ἐστερημένης
1121 4522 1153 4586 αἱ
1180 4529 1235 4606 μίν
1262 4527 1357 4607 ψῆφοι
1383 4531 1438 4604 τῆς
1461 4519 1542 4604 ἱερός
