3282 5270
1263 327 1324 390 ⁴85

150 533 170 570 :.
208 507 245 571 ού
268 513 327 592 γάρ
349 511 443 594 φόβος
465 519 610 586 τοιοῦτος,
635 520 687 594 της
710 475 795 594 ἱεροῖςι
814 509 934 594 δηλαδὴ
957 514 1049 573 νόσου
1070 521 1107 594 τῇ
1131 521 1188 573 τῶν
1211 521 1321 594 τριχῶν

128 633 215 691 πόσει
249 634 439 711 περιγίνεται.
474 631 586 691 τούτων
609 625 687 692 οὕτω
709 631 910 712 λαληθέντων
931 627 948 692 ό
970 631 1163 713 πατριάρχης
1185 628 1248 692 εἶτε
1282 630 1324 711 τῷ

104 755 156 808 τό
172 747 338 810 Βασιλείου
353 751 452 830 πατρί.
475 744 531 822 δτι,
542 747 609 823 .ἵδε,
633 744 778 832 οὐδεμίαν
794 747 892 810 αἰτίαν
909 747 1002 831 ἔχεις,
1018 744 1095 810 όιστε
1112 749 1255 812 διαλῦσαι
1269 751 1323 832 την

99 867 152 926 επί
185 868 227 948 τῲ
248 868 292 948 σῷ
313 865 366 947 υἱῲ
391 870 473 949 μετοί-
490 876 543 952 της
565 869 838 952 τοιαύτηςπαιδός
863 875 1040 951 μνηστείαν·
1075 865 1103 930 οἱ
1136 869 1170 930 δὲ
1205 869 1324 954 σρόδρα

96 983 289 1058 σιντὲκειντο,
311 985 364 1066 την
386 985 523 1047 διάλυσιν
546 985 726 1068 αἰτούμενοι.
742 985 817 1047 ἐἶτα
838 983 994 1069 ἠρώτησεν
1013 982 1032 1070 ἡ
1050 987 1185 1062 σύνοδος,
1201 989 1321 1072 ποταπὴ

98 1109 255 1186 μνηστεία
277 1101 416 1180 δγίνετοι
430 1109 491 1168 -εταί
510 1104 606 1179 εἶπον,
621 1101 676 1169 ,ὅτι
697 1114 750 1168 τού
766 1103 869 1188 ἱερόως
883 1107 1052 1176 σταθίντυς
1076 1105 1249 1188 ἔμπροσθεν
1272 1116 1326 1170 τοῦ

97 1221 334 1284 είκονυστασίου
365 1220 425 1284 καὶ·
453 1223 600 1303 βαλόντος
631 1222 847 1308 ἐπιτραχηλιον
880 1227 934 1285 καί
966 1225 1231 1306 μνημονεύσαντος
1265 1237 1322 1288 τῶν

98 1341 256 1418 βασιλέων
274 1343 333 1402 καί
354 1347 409 1415 τοί
428 1345 621 1425 πατριάρχου
642 1345 699 1413 καί,
718 1339 814 1425 τύχην
837 1341 974 1414 εἰπόντος
997 1341 1045 1405 ἐπί
1078 1349 1225 1426 μνηστείη
1252 1341 1322 1419 ἐγὲ-

97 1481 172 1522 νετο
194 1457 329 1542 άλλαγη’“
339 1458 519 1537 ἐγκολτίων.
542 1459 825 1545 όρωι-ηθίιίτεςουν
841 1463 983 1544 συνήθως
999 1460 1028 1524 οἱ
1042 1460 1199 1544 ίερόιτατοι
1215 1459 1324 1544 ἀρχιε-

95 1589 173 1659 ρεῖς,
196 1584 263 1642 τίνα
286 1584 407 1664 γνόμην
430 1580 538 1662 όχουσι
558 1580 628 1663 περὶ
641 1589 701 1664 Ι’τῆς
723 1582 867 1662 τοιαύτης
889 1577 1080 1656 ὑποθέσεως,
1098 1579 1162 1644 ἐπεί
1184 1580 1325 1657 ἀναγνόν-

97 1717 179 1780 στης
212 1695 288 1782 ἠνό
311 1699 478 1768 Βασίλειος
496 1702 550 1762 καί
575 1700 723 1782 κληρικός
750 1709 803 1782 τῆς
827 1677 965 1784 μεγάλης
987 1698 1172 1783 ἐκκλησίας
1206 1697 1326 1784 ἀπερή-

97 1837 204 1892 ναντο,
235 1813 290 1880 ,δτι
309 1817 336 1880 εί
360 1821 415 1901 μὲν
437 1819 529 1898 λάβοι
550 1820 770 1901 τηντοιαύτην
792 1821 951 1898 θυγατέρα
974 1827 1026 1881 τού
1049 1817 1153 1900 ίιρίως
1168 1827 1221 1880 τοῦ
1237 1817 1325 1893 1127-

97 1939 230 2016 κρατίου
251 1935 295 2006 τίς
317 1947 446 2013 γυναῖκα
461 1940 549 2013 ριατίι
571 1939 624 2020 την
646 1937 682 2020 ῆν
706 1934 899 2019 ἐποιήσαντο
912 1942 1091 2020 μνηστείαν,
1125 1933 1220 2006 υύτως
1244 1935 1322 2000 ἀνα·
1416 1967 1419 1972 Α

97 2055 259 2136 χθήσεται
280 2059 334 2116 καί
356 2053 398 2124 είς
420 2057 453 2116 τό
477 2065 530 2138 της
554 2055 716 2138 ἱερωσύνης
740 2055 866 2137 ἀξίωμα·
891 2054 917 2116 εὶ
939 2055 973 2115 δὲ
996 2061 1048 2116 τού
1064 2055 1202 2118 τοιούτου
1218 2075 1321 2116 συνοιη

98 2177 210 2234 κεσίσυ
243 2173 442 2243 διαλυθέντος
465 2171 571 2254 ἑτίραν
599 2170 688 2244 ούτος
716 2172 878 2250 άγτίγοιτο,
907 2169 1051 2236 ούδὲποτε
1075 2171 1121 2235 ἐπί
1149 2174 1201 2256 τήν
1234 2172 1322 2254 ἱερω·

100 2293 195 2374 σύνην
217 2294 512 2376 προβιβασθήσεται.
537 2290 602 2375 εἶχε
627 2295 682 2373 μὲν
706 2287 783 2352 ούτω
807 2300 911 2352 ταύτα.
936 2289 1000 2351 εἶτα
1023 2299 1075 2352 τοῦ
1091 2295 1321 2366 παναγιωτσίτου

100 2407 190 2492 ἡμῶν
212 2411 369 2486 δεσπότου,
392 2420 445 2474 τοῦ
462 2410 674 2494 οἱκουμενικού
689 2407 961 2494 πατριάρχου,·ὲπὶ
976 2411 1026 2472 τόν
1046 2405 1162 2492 όψηλόν
1185 2419 1236 2492 της
1259 2431 1319 2470 πα-

100 2535 281 2612 τριαρχείας
304 2527 525 2599 ἐπανελθόντος
547 2532 669 2610 θρόνον,
697 2525 802 2609 ἑτέραν
825 2525 1015 2608 ἀγαγόμενος
1039 2525 1055 2590 ό
1079 2526 1240 2596 Βασίλειυς
1264 2547 1319 2603 γο-

98 2657 194 2710 ναίκα
215 2651 269 2710 καί
289 2647 396 2710 λαθὼν
419 2651 473 2710 καί
495 2645 656 2730 ἀπατήσας
676 2649 793 2716 πάντας
808 2644 1031 2728 ἐχειροτονήθη
1052 2647 1206 2720 διάκονος,
1229 2641 1319 2708 ύστε-

98 2787 154 2848 ρον
177 2765 211 2828 δὲ
235 2771 273 2830 τά
294 2771 360 2848 περί
382 2775 436 2850 ιης
455 2763 633 2835 ύποθίσεως
655 2767 764 2848 μαθὼν
784 2761 1044 2840 όπαναγιόιτατος
1060 2767 1208 2848 δεσπότης
1223 2762 1320 2849 ἡμῶν,

103 2885 122 2949 ὁ
146 2886 357 2969 οἰκοομενικός
378 2889 579 2969 πατριάρχης,
603 2891 708 2948 τοῦτον
732 2890 786 2968 μὲν
809 2883 920 2968 ἐπέσχε
944 2895 997 2968 της
1019 2885 1187 2960 διακονίας,
1212 2889 1321 2969 μέχρις
1419 2925 1425 2934 -

99 3001 137 3066 ἂν
161 3005 315 3088 δεετασθη
338 3008 376 3067 τὰ
398 3013 452 3087 της
477 3001 670 3078 ὑποθέσεως,
705 3004 996 3086 μετακαλεσάμενος
1018 3003 1053 3066 δὲ
1076 3008 1127 3067 τόν
1159 3003 1320 3086 ἱερώτατον

99 3125 328 3206 μητροπολίτην
348 3122 487 3204 Βρύσεως
509 3127 564 3185 καί
585 3119 744 3206 ύπὲρτιμον
777 3119 914 3206 ἠρώτησε
937 3131 1057 3196 τοῦτον,
1092 3123 1118 3184 τί
1150 3125 1269 3186 σύνοιδε
1293 3145 1321 3186 τι

96 3244 242 3325 περὶτῆς
264 3238 441 3313 ὑποθέσεως
463 3244 584 3325 ταύτης,
608 3245 661 3304 καί
683 3241 717 3310 δς
739 3241 909 3324 διηγήσατο
933 3239 1053 3303 ἅπαντα
1075 3246 1156 3303 κατὰ
1173 3241 1222 3304 τ’όν
1239 3240 1317 3333 σίνα·

98 3364 309 3444 γεγραμμίνον
331 3364 449 3444 τρόπον,
473 3357 552 3432 ὅπως
574 3361 864 3444 παρηκολούθησεν,
888 3357 930 3430 εἷς
953 3357 992 3422 τόν
1016 3364 1069 3423 καί
1085 3357 1175 3431 αύτός
1191 3373 1247 3422 των
1263 3371 1317 3446 της
1407 3397 1411 3405 -

99 3481 228 3542 συνόδου
251 3477 370 3562 ἐκείνης
392 3478 568 3562 ἀρχιερόων,
593 3479 658 3542 εἶτα
673 3478 848 3562 ἐρωτηθείς,
873 3477 899 3540 ελ
920 3478 1092 3562 καίὲτερός
1114 3501 1159 3549 τις
1183 3489 1239 3540 των
1264 3476 1316 3542 εύ-

97 3603 285 3682 ρισκομὲνων
300 3597 332 3660 ἓν
347 3609 384 3682 τη
400 3599 636 3681 θεομεγαλύντιρ
652 3589 968 3684 Κωνσταντινουπόλει
990 3606 1040 3659 νόν
1064 3595 1232 3678 ἀρχιερέων
1247 3601 1316 3660 τότε

97 3727 197 3800 παρῆν
223 3719 262 3780 όν
292 3728 329 3800 τη
363 3717 491 3799 συνόδῳ,
525 3717 597 3792 εἶπε,
621 3719 672 3780 τόν
698 3716 860 3801 ἱερώτατον
887 3715 1108 3800 μητροπολίτην
1130 3713 1315 3797 Ἡρακλείας

99 3833 277 3919 εὑρεθῆναι,
301 3835 334 3906 δς
356 3839 410 3898 καί
433 3839 579 3920 μηνυθείς
601 3839 833 3917 παραγενέσθαι
861 3839 913 3916 μὲν
938 3835 1073 3897 ἐνταῦθα
1096 3831 1152 3895 οὐκ
1176 3833 1313 3910 ἐδύνατο,

99 3954 237 4038 ἀσθενὴς
259 3953 309 4030 ὢν,
326 3953 459 4038 ἐμήνυσε
472 3957 505 4017 δὲ
523 3959 699 4038 μεμνῆσθαι
714 3959 768 4017 καί
784 3953 908 4042 ἐμείνυν,
924 3956 1065 4037 τοιαύτην
1083 3950 1230 4016 ύπύθεσιν
1253 3955 1313 4042 λα-

96 4075 232 4158 ληθῆναι
253 4077 321 4135 τότε
344 4073 391 4136 ἐπί
414 4081 466 4134 τοῦ
488 4053 677 4156 πατριάρχου
710 4082 767 4156 κύρ
789 4073 974 4146 Καλλίστου,
1008 4075 1048 4154 μή
1077 4077 1178 4154 μέντοι
1202 4091 1235 4148 γε
1259 4077 1313 4136 καί

96 4197 147 4256 τόν
162 4191 323 4274 ἄνθρωπον
339 4191 460 4265 εἰδέναι,
485 4189 586 4262 ὁποῖός
611 4191 674 4253 ἐστι
696 4189 712 4252 ὁ
737 4190 914 4274 ἐπισχεθείς
938 4192 978 4274 μὴ
1001 4191 1248 4272 προβιβασθηναι
1264 4187 1319 4253 ἰσί-

97 4315 146 4374 τόν
179 4321 233 4394 τῆς
266 4309 428 4393 ἱερωσύνης
452 4311 582 4391 βαθμόν.
617 4307 729 4388 όγοόν
750 4305 1088 4390 παναγιώτατος“ἡμυ”ιν
1112 4307 1312 4392 δεσπότης,ό

98 4430 306 4513 οἱκουμενικός
327 4432 529 4514 πατριάρχης,
554 4426 844 4512 μετακαλεσάμενος
859 4433 910 4492 καί
925 4426 1044 4510 ἑτάρους
1060 4429 1113 4490 δύο
1130 4427 1310 4509 ἱερωτάτους

94 4546 242 4631 ἀρχιερεῖς
266 4552 319 4609 καί
340 4543 529 4630 ύπερτίμους,
547 4553 597 4611 τόν
621 4531 749 4631 Ἐρέσου
772 4553 823 4610 καί
852 4551 900 4610 τόν
924 4547 1201 4617 Ἀδυιανουτολιως
1237 4567 1306 4610 νοι-
