3258 5282
288 213 424 319 ευτ’

289 438 495 500 συνελθόντων
516 437 781 520 νομοθετηθέντα,
803 433 954 520 ὁρίζομεν,
975 431 1052 498 ώστε
1075 435 1126 498 τόν
1147 432 1493 502 Κωνσεαντινουπόλειες

289 557 399 638 θρόνον
429 565 486 618 τών
509 553 582 618 ἴστον
608 551 771 617 ἀπολαὺειν
796 555 960 636 πρεσβείων
986 561 1038 614 τοῦ
1065 561 1118 636 τῆς
1143 553 1348 635 πρεσβυτέρας
1373 548 1494 632 Ῥώμης

288 675 400 755 θρόνου
421 676 474 735 καί
500 669 531 736 ἂν
557 682 619 743 εοίς
648 669 914 756 ἐκκλησιαστικαῖς
941 667 981 742 ἀς
1007 669 1120 732 ἐκείνων
1144 670 1373 754 μεγαλὺνεσθαι
1393 669 1493 748 πράγ·

290 811 379 873 μασι,
405 791 543 872 δεὺτερον
570 785 634 874 μετ’
657 786 769 852 ἐκεῖνον
793 785 978 872 ὑπάρχοντα,
1001 785 1071 870 μεθ’
1093 786 1126 850 δν
1148 784 1165 850 ό
1191 796 1245 870 τῆς
1269 783 1494 867 Ἀλεξανδρίιεν

290 908 525 992 μεγαλοπόλεως
539 903 736 990 ἀριθμείσθοε
760 908 883 989 θρόνος,
910 905 974 968 εἶτα
1001 901 1018 968 ὑ
1040 915 1098 989 τῆς
1119 904 1309 987 Ἀντιοχείας
1334 906 1391 965 νεαί
1416 904 1494 984 μετὰ

289 1033 394 1090 τοῦτον
409 1023 426 1089 ὑ
441 1034 495 1108 τῆς
508 1023 750 1108 Ἱεροσολυμιτῶν
767 1025 901 1095 πόλεως..
910 1021 1034 1106 ,ἐπειδὴ
1049 1027 1136 1086 τόντε
1151 1024 1336 1105 πατριάρχαι
1350 1019 1495 1104 ίεάχθη-

290 1161 347 1206 σαν
369 1140 491 1206 τὸκατ’
515 1139 613 1226 ἀρχάς
634 1144 717 1224 παρά
742 1150 795 1224 της
820 1141 996 1224 παθολιιιης
1017 1143 1072 1202 καί
1088 1139 1300 1224 ιάποστολιτιῆς
1323 1139 1495 1224 θειοτλησίας
1541 1197 1544 1202 .

289 1259 432 1341 Χριστοῦ,
455 1263 561 1342 μίχρις
583 1256 619 1322 ἂν
642 1266 733 1342 αυνην
754 1253 823 1342 ἡμίν
845 1261 899 1320 καί
921 1253 1075 1328 ὑπάππας
1089 1255 1217 1340 Ῥώμης,
1234 1256 1339 1319 Ιοιτυεε
1354 1257 1389 1318 δό
1405 1259 1497 1338 μόχρι

289 1384 343 1439 του
364 1385 414 1440 νδν
441 1375 516 1440 εἰσιν
537 1372 686 1459 ἡνωμόνοι
713 1372 743 1438 οί
769 1378 923 1458 τόσσαρες,
947 1373 1054 1446 οἵτινες
1075 1379 1232 1438 κοινωνίαν
1256 1374 1380 1457 ἔχοντες
1403 1371 1497 1436 ἀδια-

291 1497 431 1565 σπάστως
454 1495 691 1578 μνημονεύονται
711 1489 780 1576 παρ’
802 1489 943 1575 ἀλλήλων
966 1490 997 1554 ἐν
1019 1503 1083 1563 ταῖς
1099 1493 1498 1574 ίιεοιλησιαστιιιαὶςπάεαις

292 1613 457 1684 συνάξεσιν.
482 1611 546 1676 ἔδει
567 1619 639 1688 τοῖιν
662 1611 711 1673 τόν
733 1608 878 1692 Τρινόβου
892 1615 1091 1694 πατριάρχην,
1115 1609 1180 1692 ἅμα
1197 1613 1250 1691 μὲν
1265 1608 1303 1671 δι’
1317 1609 1356 1692 ἣν
1369 1608 1499 1691 ὤρεάεν

291 1728 376 1810 ἔχειν
399 1724 550 1810 ὑποταγὴν
573 1725 618 1798 είς
641 1727 694 1810 τὴν
716 1724 790 1790 καθ’
812 1723 893 1811 ἡμᾶς
916 1725 1085 1810 άγιωτάτην
1108 1734 1160 1788 τοῦ
1180 1729 1258 1790 θεοῦ
1281 1727 1419 1808 μεγάλην
1440 1725 1498 1788 ἔτι·

291 1845 432 1928 κλησίαν,
454 1841 524 1927 παρ’
545 1841 583 1928 ἧς
605 1843 709 1928 εἴληρε
732 1847 785 1906 ιιαί
806 1846 839 1906 τά
863 1843 938 1906 εἶναι
952 1848 1004 1906 καί
1023 1845 1056 1906 τό
1072 1841 1281 1926 ἀνυμάζεσθαι
1295 1848 1499 1926 πατριάρχης,

293 1961 360 2046 ἅμα
382 1963 416 2024 δί
437 1965 490 2024 καί
511 1962 563 2024 διὰ
585 1963 618 2024 τό
638 1965 861 2045 περιποιεῖσθαι
883 1960 980 2044 ἐαυτῷ
1001 1961 1088 2044 τιμην
1103 1965 1156 2024 καί
1171 1965 1329 2046 κοινωνίαν
1345 1970 1397 2046 τῆς
1412 1959 1501 2045 ἡμῶν

293 2083 484 2164 μετριότητος
506 2083 559 2143 καί
579 2088 637 2141 τών
659 2077 759 2143 άλλειν
780 2089 984 2164 πατριαρχων,
1007 2077 1144 2164 ἀνάγκην
1170 2077 1254 2162 όχειν
1269 2077 1429 2165 ἀναρίρειν
1453 2078 1502 2142 ἀεὶ

292 2201 346 2282 τήν
369 2219 400 2258 τε
423 2193 507 2279 ἡμῶν
530 2201 708 2281 μετριότητα
733 2201 787 2260 καί
812 2198 882 2268 τοὺς
909 2195 1020 2270 ἄλλους
1045 2199 1236 2280 πατριάρχας
1265 2195 1296 2259 ἐν
1322 2208 1384 2269 τοῖς
1412 2195 1502 2279 ἱερυίς

294 2314 450 2397 διπτύχοις
481 2316 535 2376 ναί
572 2310 665 2384 οὑτως
702 2311 869 2385 ἀποσώζειν
896 2317 949 2377 καί
974 2311 1065 2377 αὐτόν
1091 2311 1123 2376 ἒν
1149 2325 1187 2399 τη
1221 2313 1372 2398 λοιπλησίη
1406 2310 1503 2376 αὑτοῦ

294 2433 345 2494 τόν
378 2434 467 2495 τόπον
499 2440 554 2516 τῆς
587 2431 846 2516 ότιειληαιαστιοεῆς
872 2434 1100 2506 καταστάσεως,
1132 2430 1303 2495 κάντεῦθεν
1335 2431 1506 2516 φαίνεσθαι

293 2544 446 2632 ἡνωμίνος
469 2553 523 2612 καί
544 2553 743 2632 συναρίθμιος
764 2545 847 2634 ἡμῖν·
871 2545 958 2620 υὺευς
978 2548 1015 2611 δὲ
1038 2547 1159 2612 ἀθετών
1180 2545 1216 2611 οὑ
1237 2551 1340 2621 οιαλώς
1362 2551 1415 2612 τόν
1437 2571 1505 2612 τοι·

293 2673 381 2727 υῑιτον
405 2667 660 2749 ίειοιλησιαστινιόν
682 2668 800 2748 θεσμόν
822 2670 875 2728 καί
897 2663 1085 2748 ἀποσειρτών
1107 2675 1161 2748 της
1181 2661 1333 2751 ὑποταγῆς
1347 2675 1402 2750 της
1416 2663 1505 2750 ἡμῶν

295 2785 487 2864 μετριότητος
509 2787 563 2844 καί
584 2791 638 2865 της
658 2783 832 2866 ναθολιειῆς
855 2779 1021 2864 ίιιειλησίας
1042 2785 1133 2859 θεοῦ,
1157 2781 1189 2856 ἐξ
1202 2779 1250 2866 ἧς,
1266 2780 1306 2854 ώς
1321 2783 1505 2864 διείληπται,

296 2897 429 2976 τάεἶναι
449 2901 639 2982 πατριάρχης
660 2901 741 2962 τιατά
763 2901 991 2980 συγκατάβασιν
1014 2899 1091 2982 ἔχει,
1114 2897 1258 2984 οὐδεμίαν
1276 2911 1407 2964 ποιεῖται
1422 2903 1502 2985 μνη·

296 3036 355 3099 μην
381 3025 434 3099 τῆς
460 3011 544 3098 ἡμῶν
571 3018 773 3100 μετριότητος,
798 3017 924 3098 πράημα
949 3028 1041 3079 ποιων
1070 3015 1261 3082 ἀτοπώτατον
1287 3021 1340 3080 οιαὶ
1366 3019 1424 3091 ἔξω
1446 3028 1506 3082 τῶν

295 3130 327 3206 ἐξ
349 3129 445 3215 ἀρχῆς
467 3143 643 3216 συμφωνιῶν
665 3143 722 3195 τῶν
745 3131 980 3216 ἀποταχθεισῶν
1002 3135 1054 3197 διὰ
1076 3143 1128 3198 τοῦ
1154 3139 1249 3218 τόμυυ
1263 3143 1315 3198 τοῦ
1331 3133 1506 3212 άγιωτάευυ

294 3251 483 3331 πατριάρχου
505 3257 561 3332 νόρ
583 3249 747 3332 Γερμανοῦ,
770 3255 844 3335 ρησί
865 3253 922 3333 γὰρ
946 3249 962 3313 ὑ
984 3249 1074 3323 αὑτός
1096 3256 1287 3336 πατριάρχης
1310 3251 1342 3316 όν
1365 3273 1421 3314 τινι
1443 3261 1504 3314 τών

296 3365 405 3430 ὑαυτοῡ
421 3372 662 3452 συγγραμμάτιον
679 3367 924 3452 ἀπολογούμενος
938 3372 1004 3452 περὶ
1018 3372 1137 3432 τυὺτων·
1161 3373 1216 3446 ,τό
1230 3371 1264 3431 δὲ
1279 3366 1428 3453 ἡμέτερον
1444 3367 1506 3453 οὑχ

298 3481 392 3554 οὑτως
408 3487 485 3569 ἔχει,
502 3483 561 3569 οὐχ
576 3483 679 3562 οὑτως,
700 3485 780 3548 ἀλλὰ
795 3489 946 3570 νυσμιειήν
961 3489 1013 3570 τὴν
1028 3489 1242 3574 νοινωρίλειαν
1258 3487 1505 3570 ἀπαγγελόμενον

296 3603 337 3686 τῷ
351 3608 535 3688 τετιμημίνιρ
551 3611 603 3667 τοῦ
619 3615 675 3686 τῶν
689 3605 872 3688 Βυυλγάρων
889 3605 1001 3676 ἔθνους
1015 3605 1157 3690 ἀρχιερεῖ,
1177 3610 1211 3670 τό
1231 3605 1443 3692 αὑτοτιίραλον
1459 3606 1506 3670 εἷ-

296 3738 345 3783 ναι
361 3719 531 3806 ὑλόιιληρον
547 3719 604 3786 οὑιι
622 3719 877 3808 ἔτομυγράρησεν,
889 3721 974 3786 ἀλλὰ
985 3724 1208 3808 δεσμυρορήσει
1218 3725 1318 3800 πάλιν,
1335 3720 1414 3787 τοῦτ’
1431 3723 1506 3798 ἔστι,

296 3839 387 3899 δώσει
409 3841 481 3923 τίλη
502 3843 555 3902 οιαὶ
576 3844 685 3924 φόρους
707 3840 748 3924 τῷ
769 3844 927 3924 τιμήσαντι
947 3844 1120 3924 πατριάρχη
1142 3847 1196 3904 καί
1217 3841 1270 3926 τήν
1285 3849 1338 3904 τοῦ
1353 3838 1505 3926 ὑνόματυς

296 3949 390 4021 αὑτοῦ
413 3953 457 4018 ἐπ’
481 3957 648 4041 ίπειλησίας
670 3956 835 4042 ἀναφορὰν,
858 3954 898 4028 ώς
920 3963 1127 4052 συνεισρυράν,
1155 3956 1196 4030 ώς
1218 3957 1262 4032 εἷς
1284 3969 1341 4022 τών
1369 3955 1504 4042 ὑπάτην

298 4071 609 4136 Κωνσεαντινοὺπολιν
636 4075 872 4158 μητροπολιτών,
899 4078 952 4136 οεαί
978 4075 1026 4146 εὶς
1048 4076 1255 4152 λυγιστεὺσεις
1280 4072 1503 4152 καίιεάθὺνας,

297 4188 375 4251 τοῦτ’
386 4189 585 4272 ἔστι,ωρίσεις
598 4191 781 4275 ἀχθήσεται,
794 4191 867 4258 ἐπάν
878 4197 950 4254 πυεό
963 4213 1008 4262 τις
1019 4199 1222 4276 παρατραπείς
1232 4205 1286 4278 της
1298 4195 1505 4277 δεσμοφορίας
1548 4227 1550 4230 -

297 4305 478 4390 ίξελεγχθη.
502 4305 578 4369 οὑτω
601 4314 654 4390 μὲν
676 4307 695 4392 ἡ
719 4307 881 4393 ὑπόσχεσις
902 4307 996 4394 παίὴ
1021 4317 1176 4395 συμφωνία
1201 4321 1255 4396 τῆς
1281 4321 1337 4374 τών
1359 4309 1505 4386 Βουλγά·

298 4444 357 4506 ρων
380 4425 546 4509 ἐκκλησίας
567 4429 640 4510 πρός
662 4427 714 4508 τήν
735 4428 1058 4502 Κωνσταντινοὺπολιν.
1079 4435 1132 4494 ναί
1154 4436 1246 4516 χωρίς
1267 4431 1305 4514 δὴ
1327 4431 1447 4504 τούτου,
1471 4428 1499 4492 εὶ
