3258 5282
305 302 366 364 410

305 481 396 550 αύτάν
417 483 602 562 λλτγκτικῶς
623 483 690 568 ἅμα
710 487 765 550 καί
784 485 1017 572 φιλανθρώπως,
1039 487 1094 570 την
1116 487 1223 550 τούτου
1241 487 1402 573 κηδομίνη
1424 509 1521 573 μττα-

305 604 398 688 βολην
419 605 494 688 πρὸς
515 606 550 668 τύ
573 605 692 684 βίλτιον
712 607 768 668 καί
792 605 926 688 βοχτκην
955 609 1120 688 σωτηρίαν,
1146 600 1197 668 ἵνα
1221 613 1323 668 πάσαν
1350 605 1522 672 άτοστισά-

304 741 395 804 μονος
415 721 550 806 δοσστβη
571 721 689 806 τλάνην
709 721 875 804 καταλάβῃ
896 717 1110 803 άνοττρδίτυς
1129 725 1204 806 πρύς
1225 745 1259 786 τι
1280 725 1334 806 την
1354 720 1443 808 ἡμῶν
1466 743 1522 808 μι-

303 840 447 922 τριύτητα
460 841 515 902 καί
529 840 582 923 την
596 843 664 922 πτρί
678 833 772 923 αὐτην
782 841 874 902 δτίαν
888 842 943 902 καί
957 837 1039 921 ίτράν
1054 840 1191 916 σύνοδον,
1203 845 1257 904 καί
1271 843 1350 925 τύχη
1365 852 1420 926 τῆς
1435 840 1523 928 δραι-

303 957 436 1041 λομίνης
458 958 663 1040 διορδύστας,
686 958 759 1028 δούς
781 962 835 1021 καί
857 952 945 1029 ούτος
967 953 1135 1040 ὁμολογίαν
1158 957 1325 1042 ύμύύδοξον
1346 961 1393 1034 τίς
1415 966 1455 1024 τά
1470 959 1523 1024 τύ-

305 1077 382 1159 στβη
404 1084 459 1160 τῆς
481 1073 652 1160 ίκκλησίας
677 1077 827 1160 δόγματα.
854 1076 883 1139 τί
906 1081 961 1160 μίν
984 1073 1047 1152 ούν,
1069 1079 1180 1149 καθάς
1201 1077 1327 1162 τῖρηται,
1349 1081 1524 1158 καταγνούς

304 1202 364 1258 τάν
382 1190 424 1257 ὃν
445 1198 556 1280 γράφοι
577 1195 765 1281 βλασφημῶν
788 1192 922 1277 ἂμαύῶς
936 1199 990 1258 καί
1010 1193 1245 1278 άττρισκίκτιος,
1258 1198 1432 1278 τροοίλύοτ
1447 1219 1523 1282 γνη-

306 1316 379 1383 σίας
400 1310 536 1376 λνταύύα
557 1311 599 1384 τίς
621 1314 674 1397 την
696 1309 787 1391 ἁγίαν
808 1323 862 1377 τού
883 1313 1016 1396 Χριστοῦ
1037 1315 1213 1398 καθολικὴν
1234 1320 1290 1378 καί
1317 1315 1525 1401 ἁποοτολικην

306 1427 485 1514 ἐκκλησίαν,
511 1435 565 1494 καί
586 1432 674 1514 τύχοι
698 1439 753 1516 τῆς
775 1429 937 1516 τίρημίνης
963 1432 1174 1515 διορδάοτας,
1201 1427 1235 1496 τύ
1262 1430 1301 1496 ἂν
1323 1433 1407 1518 ύχοι·
1435 1433 1464 1498 τί
1488 1436 1524 1498 δύ

306 1546 527 1634 ἆμττακλητος
555 1559 638 1613 νοοτί
663 1551 716 1635 την
746 1555 881 1634 πονηρὰν
907 1549 1024 1634 αίρισιν
1055 1558 1109 1614 τού
1130 1549 1284 1634 Βαρλαάμ
1316 1550 1439 1617 ίκτίνου
1471 1557 1527 1618 καί

305 1665 497 1742 Ἀκινδύνου,
524 1665 612 1730 δοται
634 1665 694 1730 ἀπὸ
716 1675 770 1730 τού
795 1675 846 1731 νύν
873 1670 1188 1753 καθοποβτβλημύνος
1213 1680 1253 1754 τῇ
1280 1667 1317 1732 ἰκ
1343 1679 1402 1732 τῶν
1430 1671 1527 1733 δτίιιν

304 1788 360 1847 καί
382 1783 468 1868 ίτρύν
489 1789 626 1850 κανόνων
648 1784 818 1870 ίπιτιμηστι
838 1789 893 1849 καί
915 1781 1065 1871 αύστηρίορ
1086 1791 1140 1850 καί
1160 1785 1254 1869 ἀργὸς
1274 1791 1452 1853 παντάπασι
1465 1791 1528 1851 τά·

306 1925 364 1988 οης
385 1902 603 1989 ἀρχιερατικῆς
626 1903 713 1979 ἀξίας
734 1903 790 1968 καί
812 1903 976 1988 ίντργτίας,
994 1909 1106 1977 καδύς
1118 1913 1186 1989 περί
1201 1909 1309 1970 τούτοιν
1324 1905 1530 1991 ἀποφαίνεται

304 2023 472 2095 σονοδικάς
503 2019 524 2108 ἡ
551 2027 710 2107 μττριύτης
734 2019 830 2108 ἡμῶν.
862 2024 1108 2106 ταρακτλτύτται
1132 2025 1168 2086 δί
1194 2027 1249 2087 καί
1281 2019 1359 2108 ὑμῖν,
1382 2021 1415 2087 δν
1448 2022 1529 2106 άγίφ

304 2142 451 2224 τντύματι
472 2145 566 2206 τίκνα
588 2142 742 2227 άγατητύ,
765 2141 807 2214 ὥς
830 2140 1019 2226 άτοδιιύξηττ
1041 2149 1157 2218 τοῦτον,
1180 2139 1223 2214 ὡς
1249 2145 1406 2226 μιοδατύν
1421 2147 1478 2206 καί
1493 2139 1529 2206 ού

303 2263 445 2344 ποιμένα,
468 2257 549 2324 ἀλλά
570 2263 694 2346 φθορία
715 2265 769 2324 καί
790 2261 884 2324 λύκον
906 2269 960 2345 της
979 2259 1094 2344 ἄγίλης
1115 2259 1259 2345 Χριστοῦ.
1281 2265 1336 2323 καί
1357 2258 1530 2345 ἂποδησύτ

304 2381 360 2450 τὰς
382 2380 489 2442 τούτου
509 2383 644 2463 πονηράς
666 2379 880 2454 διδασκαλίας,
904 2377 1015 2450 αίτιντς
1042 2379 1246 2460 διαβάλλουσι
1272 2383 1326 2462 μὲν
1352 2383 1409 2442 καί
1431 2398 1530 2442 συκο-

305 2505 452 2582 φαντοδσι
473 2498 526 2582 την
549 2497 733 2582 λκκλησίαν,
756 2505 958 2581 συνηγοροδσι
979 2498 1014 2559 δλ
1039 2496 1081 2580 τῷ
1102 2499 1295 2583 λατινύφρονι
1314 2494 1423 2579 λκιίνιρ
1442 2496 1529 2580 Βαρ-

304 2615 391 2699 λαάμ
416 2619 470 2678 καί
495 2626 560 2688 ταῖς
586 2617 693 2680 τούτου
721 2617 920 2698 δοσστβίοσιν,
948 2614 1115 2700 αἱρίστοιν,
1142 2613 1222 2679 ὅσττ
1248 2620 1307 2698 γάρ
1332 2613 1531 2701 ἀφίστασθαι

306 2730 385 2817 ύμάς
400 2741 453 2798 τού
468 2737 606 2798 τοιούτου
621 2735 724 2819 Σίδης,
741 2734 981 2818 ὰμκταμκλὴτοος
996 2743 1169 2808 νοσοῦντος,
1185 2731 1226 2804 ὥς
1242 2733 1367 2818 τίμηται,
1383 2735 1530 2816 τοιαύτην

306 2855 395 2916 νύσον
418 2861 473 2936 της
494 2853 685 2933 δοσστβτίας,
707 2856 762 2914 καί
778 2854 947 2934 βαρύτατον
962 2852 1100 2936 φρικώδη
1116 2849 1288 2936 ἀφορισμύν
1303 2847 1434 2936 λκφανιί
1455 2871 1530 2914 σον-

306 2970 419 3042 οδικύς
447 2967 522 3034 καθ’
545 2966 627 3054 ὑμῶν
652 2967 673 3054 ἡ
700 2973 861 3053 μοτριύτης
887 2966 984 3052 ἡμῶν,
1006 2968 1041 3032 δν
1057 2964 1252 3053 ὑφορώμενοι
1275 2969 1427 3032 οττύσαττ
1449 2965 1531 3032 &m-

307 3099 414 3174 στῆναι
435 3089 558 3161 ττλτίος
579 3097 633 3172 τῆς
655 3089 873 3173 ψυχοβλοιβούς
893 3090 1081 3162 κακοδοξίας
1104 3083 1208 3164 αὐτοῦ,
1230 3085 1259 3150 τί
1274 3087 1326 3171 μή,
1342 3085 1384 3158 ὃς
1399 3085 1530 3172 τψηται,

305 3209 471 3291 καταλάβῃ
494 3205 640 3272 λνταύύα.
662 3205 682 3294 ἡ
704 3211 795 3292 χάρις
817 3215 871 3270 τού
891 3209 970 3270 δτού
993 3206 1041 3292 τίη
1062 3206 1310 3292 διαφυλάττουσα
1330 3201 1411 3290 ύμάς
1426 3202 1531 3288 ἀβλα·

307 3327 372 3409 βτίς
393 3330 447 3390 καί
468 3331 553 3412 ψυχῇ
573 3331 629 3390 καί
651 3330 770 3409 σάματι
790 3329 820 3404 †.

371 3685 409 3749 V.
424 3689 444 3764 †
458 3682 625 3762 Ἃγιιύταττ
640 3685 776 3748 δίοποτα
785 3688 962 3769 τατριάρχα
973 3683 1169 3754 δτουτύλτιος
1184 3681 1323 3766 μογάλης
1333 3675 1529 3766 Ἀντιοχτίας

308 3800 364 3865 καὶ
388 3805 490 3886 πάσης
511 3801 694 3887 Ἀνατολης,
720 3798 751 3864 λν
778 3800 857 3885 άγίιρ
881 3804 1030 3885 πντύματι
1056 3797 1195 3884 άγατητλ
1221 3798 1335 3884 άδτλρί
1362 3806 1418 3882 της
1442 3795 1530 3884 ἡμῶν

309 3923 504 4004 μιτριύτητος
525 3925 580 3984 καί
602 3921 827 4003 συλλτιτουργί.
849 3923 901 3985 τάν
932 3921 1163 4001 ταντοδύναμον
1195 3917 1248 3981 διὰ
1267 3919 1380 3988 ταντύς
1404 3917 1532 3983 ίκτττύα

308 4040 395 4115 διύν,
418 4036 500 4110 ύπος
522 4036 642 4124 ὑγιαίνῃ
663 4035 684 4126 ἡ
707 4036 833 4123 άγιύτης
855 4059 911 4102 σου
933 4041 987 4101 καί
1008 4046 1199 4120 σωματικῶς,
1214 4039 1269 4099 καὶ
1288 4040 1438 4100 ταντοίαν
1461 4037 1532 4122 ίχοι

309 4159 364 4242 τὴν
388 4159 463 4240 πρὸς
490 4159 524 4220 τὸ
549 4170 684 4242 κρτίττον
711 4157 861 4234 λτίδοσιν,
887 4156 931 4228 τίς
957 4156 1167 4238 καταρτισμὸν
1191 4157 1246 4217 καί
1274 4157 1443 4238 στηριγμύν
1476 4163 1531 4219 τοῦ

310 4273 367 4342 ύπύ
389 4281 425 4341 σί
452 4280 661 4362 χριστονύμοο
686 4283 827 4361 ποιμνίου
853 4281 907 4350 καί
934 4274 1163 4358 ύπτραστιυμύν
1189 4283 1244 4357 τῆς
1275 4272 1445 4358 ἂμαμητου
1476 4277 1531 4336 καί

312 4392 415 4474 ύγιούς
435 4401 574 4470 τίσττοος.
597 4397 678 4462 οἷδιν
698 4396 720 4485 ἡ
742 4397 897 4483 ύγιοιούνη
919 4417 985 4473 σου,
1011 4391 1093 4467 ύπας
1114 4392 1144 4457 οἱ
1161 4399 1356 4478 ,προστασίαν
1382 4397 1438 4458 καί
1458 4413 1531 4457 τοι·

312 4519 444 4599 μανσίαν
461 4517 589 4596 λογικοῦ
608 4523 749 4601 ποιμνίου
764 4517 994 4601 ἂναδτξάμτνοι,
1017 4514 1083 4580 ἔστι
1097 4515 1218 4579 δίκαιον
1231 4519 1320 4579 ταντί
1333 4517 1435 4598 τρίτῳ
1448 4519 1531 4578 κατά
