3258 5278
906 615 945 680 II.

321 782 546 846 Καόίιιιον
585 792 665 844 τῶν
712 785 962 848 συνυύικῶν
1003 785 1417 868 παρασημειάσειεν
1464 803 1534 860 γε-

318 903 447 974 γονός
485 897 553 962 όπί
589 904 668 961 τῶν
705 897 878 984 ἡμερῶν
914 910 987 965 τού
1024 905 1373 980 παναγιατάτοο
1410 897 1535 983 ἡμῶν

317 1018 543 1080 δεσπότου
589 1022 665 1081 καί
712 1019 1040 1102 οἰκούμενικού
1086 1022 1396 1102 πατριάρχου,
1449 1029 1536 1100 κύρ

317 1133 515 1210 Ἡσαΐου,
549 1134 591 1208 ἐξ
623 1133 729 1198 ύτοο
762 1135 778 1200 ὁ
816 1141 1089 1220 τιμιώτατος
1126 1139 1416 1223 χαρτυρύλαί
1456 1146 1536 1220 της

316 1248 574 1337 ἁγιωτάτης
607 1256 808 1338 μεγάλης
850 1265 924 1318 τού
961 1259 1069 1320 θεοῦ
1106 1247 1361 1341 λκκλησίας
1399 1275 1535 1319 πανο-

315 1375 701 1454 περεντιμύτατος
739 1379 818 1454 κύρ
858 1371 1110 1456 Γρηγόριος
1148 1371 1165 1438 ὁ
1202 1373 1440 1457 Κοοτάλης
1481 1373 1538 1455 τιρ

449 1491 910 1586 τού.χαρτορύλακος
948 1488 1144 1575 ύρρικίιρ
1180 1489 1390 1576 ότιμήθη.

578 1673 662 1738 LIII.
685 1678 923 1752 (6832-1323)
939 1675 1095 1738 deoembri
1109 1675 1172 1738 ind.
1187 1675 1253 1739 VII.

463 1816 619 1884 Imperator
638 1816 902 1886 σνιλίτρίετορσεαυε
920 1817 1041 1886 Βπμεεοε
1059 1820 1137 1885 ευτ’μίῖ
1157 1819 1187 1868 ιἰι
1204 1817 1380 1885 metropolin.

395 1959 471 2037 †‘II
494 1961 638 2041 βασιλεία
664 1981 722 2043 μου
744 1961 796 2023 διὰ
822 1969 877 2044 τῆς
903 1971 955 2024 τού
983 1965 1061 2024 θεοῦ
1088 1966 1214 2044 χάριτος
1241 1960 1363 2025 άνυιθεν
1385 1961 1532 2044 λαβοῦσα

312 2078 418 2142 άόειαν
444 2083 498 2140 καί
527 2078 646 2141 ίνόοοιν
674 2075 733 2140 ἀπὸ
760 2087 813 2162 της
837 2076 927 2155 ἁγίας
949 2088 1002 2142 τού
1029 2083 1107 2142 θεοῦ
1133 2077 1304 2164 λκκλησίας
1330 2080 1374 2152 είς
1400 2081 1533 2143 πλείονα

309 2200 398 2282 τιμην
421 2195 553 2279 όπαίριιν
575 2201 629 2259 καί
650 2197 855 2278 προβιβάίειν,
878 2195 954 2270 ύσας
980 2196 1017 2260 ἂν
1044 2209 1102 2260 τῶν
1129 2195 1224 2296 ἁγίαν
1252 2196 1427 2282 όιικληαιῶν
1455 2199 1530 2260 θια-

309 2322 408 2398 κρίνοι
434 2313 628 2398 ἁρμοζούσας
652 2317 728 2395 πρὸς
753 2323 857 2390 τούτο,
888 2318 1032 2388 θεσπίζει
1058 2321 1112 2378 καί
1138 2325 1190 2379 νύν
1216 2315 1269 2380 διά
1295 2325 1349 2379 τού
1375 2319 1531 2398 παρόντος

309 2437 558 2517 προστάγματος,
589 2431 665 2494 εἶναι
690 2435 745 2495 καί
770 2429 971 2514 εὑρίσκεσθαι
996 2435 1050 2518 τήν
1079 2431 1252 2519 άγιοιτάτην
1280 2432 1529 2518 ἀρχιεπισκυι-ην

310 2551 451 2633 Βρύσεοις
473 2551 517 2621 είς
543 2549 726 2632 μητρόπολιν
753 2555 808 2614 καί
835 2553 1054 2615 συναπολαύειν
1076 2554 1127 2614 τὸν
1150 2549 1181 2614 όν
1204 2547 1282 2636 αὐτῇ
1305 2547 1529 2635 εὑρισκόμενον

309 2669 470 2752 ἱερώτατον
493 2665 639 2750 ἀρχιερύα
660 2677 721 2738 τοῖς
747 2669 863 2739 λοιποῖς
890 2667 1063 2751 ἱερωτάτοις
1091 2671 1329 2753 μητροπολίταις
1357 2677 1412 2751 της
1434 2671 1529 2739 θείας

308 2792 362 2850 καί
388 2785 471 2870 ἱεράς
498 2786 636 2868 μεγάλης
661 2785 788 2849 συνύόοο
814 2795 868 2868 τῆς
894 2783 988 2869 αύτης
1016 2787 1156 2871 κλήστιύς
1188 2809 1220 2850 τε
1247 2791 1301 2850 καί
1327 2795 1417 2870 τιμῆς
1444 2791 1528 2848 κατά

308 2909 408 2969 πάντα
433 2907 556 2987 τρόπον,
581 2900 619 2986 ἧς
646 2906 700 2965 καί
728 2899 813 2966 ούτοι
840 2908 1038 2988 μιτίχοοσιν,
1065 2900 1140 2966 ὅθεν
1166 2907 1221 2966 καί
1246 2913 1297 2967 νύν
1326 2910 1382 2986 μὲν
1409 2902 1526 2989 όρείλει

307 3025 469 3105 τυγχάνειν
491 3029 544 3104 της
567 3023 708 3104 τοιαύτης
724 3023 835 3092 τάξεώς
850 3041 884 3083 τε
898 3023 951 3082 καί
965 3029 1054 3103 τιμῆς
1075 3019 1091 3082 ύ
1113 3019 1274 3103 ἱερώτατος
1295 3021 1520 3104 μητροπολίτης

308 3139 447 3223 Βρύσευς
468 3141 523 3200 καί
544 3135 714 3220 ύπίρτιμυς,
736 3141 874 3221 καθεξῆς
896 3139 930 3200 θλ
955 3138 1043 3201 ἔσται
1067 3147 1157 3200 τοῦτο
1179 3144 1261 3201 κατά
1287 3141 1339 3201 τόν
1360 3138 1429 3202 ἴσον
1451 3141 1523 3222 τρό-

305 3279 362 3323 πον
383 3261 438 3321 καί
459 3255 501 3327 τίς
523 3257 593 3326 τούς
615 3253 679 3339 μετ’
702 3253 792 3319 αύτθν
816 3257 984 3340 μέλλοντας
1006 3252 1209 3338 εὑρίσκεσθαι
1230 3261 1312 3318 κατὰ
1331 3258 1462 3338 καιρούς
1483 3256 1528 3326 τίς

305 3383 449 3462 γνησίους
478 3373 628 3466 ἀρχιερεῖς
658 3383 711 3458 της
744 3377 886 3455 τοιαύτης
918 3372 1090 3458 ἁγιωτάτης
1126 3376 1340 3457 μητροπόλεως
1370 3373 1527 3458 Βρύσεοτ,

306 3493 360 3558 ἅτε
381 3485 420 3579 δὴ
442 3498 497 3558 καί
517 3495 552 3556 τό
574 3491 693 3575 ἑδραῖον
715 3495 768 3555 καί
790 3491 1015 3576 ἀμετακίνητον
1043 3490 1219 3578 όρείλοντος
1246 3491 1331 3575 ἔχειν
1358 3501 1415 3555 τού
1441 3498 1527 3575 παρὰ

303 3621 357 3696 της
379 3612 618 3693 βασιλείαςμοο
640 3611 801 3685 γεγονότος
824 3606 872 3671 λπί
892 3619 930 3694 τῇ
952 3611 1078 3692 τοιαύτη
1102 3607 1259 3692 άγιιττάτη
1274 3607 1434 3693 όκκλησίιγ
1448 3629 1527 3691 προ-

304 3731 466 3811 βιβασμού.
490 3729 597 3790 τούτου
618 3730 672 3788 καί
693 3729 783 3807 χάριν
806 3723 927 3801 ἐγίνετο
953 3713 1006 3788 καί
1034 3725 1175 3810 ἀπελύθη
1202 3729 1256 3788 καί
1282 3729 1317 3788 τό
1343 3729 1445 3808 παρόν
1474 3735 1530 3810 τῆς

305 3847 463 3927 βασιλείας
486 3866 544 3928 μου
564 3847 756 3927 πρόσταγμα.

387 3961 535 4045 ’snam
574 3964 618 4023 τό
658 3963 761 4044 μηνί
794 3959 1048 4041 δετεμβρίιρ
1081 3961 1158 4022 ίνό.
1194 3959 1288 4031 ἴόύ
1323 3959 1532 4046 ίρυθριῖν

303 4084 575 4164 γραμμάτων
608 4090 681 4162 της
715 4079 962 4159 βασιλικῆς
994 4082 1070 4139 καί
1101 4081 1235 4149 θείας
1268 4084 1432 4160 χειρός
1467 4086 1498 4159 †.
