3262 5276
1257 332 1319 394 269

94 511 254 590 πρότερον.
276 505 296 598 ἡ
320 509 461 590 βασιλτία
483 529 542 593 μου
563 509 617 594 την
638 512 782 594 τοιαύτην
804 507 897 574 αύτοίι
915 515 1040 596 ζήτησιν
1057 513 1181 577 δικαίαν
1195 519 1250 579 καί
1265 514 1318 580 τύ-

92 629 189 704 λογον
210 632 343 710 κρίνασα
364 628 417 688 διά
438 649 471 688 τι
493 630 527 689 τό
550 623 648 710 ῥηδίν
669 633 724 691 καί
746 629 867 692 άνωδεν
889 633 980 714 μίχρι
1005 638 1057 694 νύν
1082 641 1241 717 κράτησαν
1263 631 1319 696 ίκ-

93 746 321 828 πληοιαστικύν
342 745 430 820 όδος,
454 745 501 808 ἔτι
522 746 556 808 δὲ
578 751 633 808 καί
655 747 707 810 διά
729 749 763 810 τύ
784 749 888 830 περιόν
909 757 965 831 τῆς
986 748 1097 835 ἀρετῆς
1118 771 1151 814 τε
1172 756 1227 815 καί
1237 755 1320 816 δια-

92 867 206 945 ρίστου
227 864 383 935 πολιτείας
405 859 499 926 αὐτοῦ
522 863 560 947 δὴ
583 872 637 928 τοῦ
658 866 884 950 διαληρδίντυς
911 865 1074 950 ἱερωτάτου
1096 871 1320 953 μητρυτυλίτου

93 979 253 1063 Κυγίβου,
277 979 442 1066 ύπτρτίμυυ
463 989 518 1046 καί
545 981 676 1067 ἐξάρχου
701 987 803 1068 πάσης
831 982 976 1061 Ῥωσίας,
1002 987 1053 1048 τόν
1077 991 1215 1070 παρόντα
1241 1009 1320 1072 χρυ-

92 1100 268 1180 σόβσυλλυν
285 1102 378 1178 λόγον
394 1099 572 1165 ἀπολύουσα
588 1099 710 1166 τύδοκεῖ
722 1107 777 1166 καί
791 1105 979 1186 προστάσσει
993 1109 1048 1168 καί
1063 1105 1229 1189 διορίζεται
1244 1103 1319 1170 ἁπο-

92 1222 226 1284 κείσδαι
249 1225 304 1284 καί
336 1218 428 1292 αὖθις
458 1233 497 1306 τῃ
529 1217 663 1305 ῥηθείσῃ
695 1219 851 1305 ἁγιωτάτῃ
882 1223 1067 1306 μητροπόλει
1093 1222 1234 1307 Κυγίβου
1264 1231 1320 1296 τὰς

91 1342 179 1400 κατά
200 1338 255 1421 τήν
278 1336 437 1423 τίρημίνην
452 1337 573 1422 Μικράιν
587 1337 716 1403 Ῥωσίαν
732 1337 905 1416 ἁγιωτάτας
920 1338 1095 1416 ἐπισκοτὰς,
1118 1343 1173 1424 την
1188 1363 1221 1404 τι
1235 1341 1321 1406 Γάλ-

92 1456 213 1532 λιτίαν,
235 1457 270 1517 τό
289 1453 512 1538 Βολοδίμῃρυν,
535 1459 570 1520 τό
584 1456 712 1539 Χόλμιν,
734 1459 770 1520 τό
785 1456 1002 1541 Περεμίοθλιν,
1025 1461 1061 1522 τό
1074 1457 1246 1532 Λουτίικύν
1267 1463 1323 1522 καί

92 1575 129 1637 τύ
149 1572 319 1656 Τοόροβον,
342 1571 452 1645 αἵτινες
474 1579 557 1657 παρὰ
579 1578 614 1638 τό
636 1575 719 1648 εἰκός
745 1577 787 1660 τῷ
807 1575 977 1661 Γαλλίτίης
999 1575 1174 1663 λδόδηοαν,
1201 1575 1244 1652 ἁς
1266 1580 1320 1642 δτ-

91 1695 241 1778 δὴλιται,
262 1697 345 1756 κατά
366 1696 417 1756 τόν
440 1688 579 1777 ῥηθέντα
600 1696 708 1778 καιρόν
736 1704 791 1779 της
817 1697 1005 1778 συγχύσεως,
1032 1703 1087 1761 καί
1108 1700 1160 1761 τόν
1182 1695 1215 1760 iv
1242 1695 1321 1784 αότῃ

92 1823 131 1897 κῃ
153 1811 313 1896 ἁγιωτάτῃ
331 1813 523 1898 μητροπόλει
544 1812 686 1895 Κογίβου
708 1812 935 1898 ἁρχιτρατικιίνς
956 1815 1162 1899 διαπρίποντα
1175 1829 1273 1881 τοιιίν
1289 1815 1323 1880 ἰν

94 1926 213 2007 σότσίς,
235 1927 296 1995 όσα
316 1936 373 2018 καί
394 1929 424 1994 υί
445 1935 528 1994 δείοι
549 1936 604 1994 καί
626 1930 703 2014 ἱιροί
723 1937 852 2004 κανόνες
873 1933 944 2005 τούς
966 1935 1191 2019 μητροπολίτας
1207 1933 1239 1998 ἓν
1254 1946 1321 2008 ταίς

94 2045 141 2114 ἔντ’
165 2045 278 2121 αύτούς
299 2048 479 2120 ἁπισκοπυίς
500 2060 596 2112 ποιεῖν
619 2047 848 2127 ίγκτλιύυνται,
875 2054 930 2114 καί
950 2049 1011 2114 ὅσα
1032 2052 1071 2136 δὴ
1097 2057 1151 2116 καί
1172 2057 1321 2138 πρότερον

93 2167 126 2232 όν
153 2163 261 2238 αύταίς
286 2165 317 2230 οἱ
340 2169 563 2250 προγεγονότες
588 2167 807 2251 μητροπολίται
831 2173 886 2232 καί
918 2165 1010 2244 αὐτὸς
1043 2165 1133 2258 οὗτος
1158 2167 1175 2234 ό
1202 2173 1316 2256 διαλη-

93 2289 187 2372 ρδοίς
205 2284 370 2369 ίιρύτατος
396 2287 623 2371 μητροπολίτης
644 2285 786 2367 Κυγίβου
799 2284 918 2362 ότίλτι,
941 2299 1123 2380 χειροτονῶν
1145 2295 1200 2354 καί
1222 2289 1320 2368 ίγκα-

92 2408 211 2469 διυτῦν
233 2401 265 2466 ίν
288 2399 393 2475 αύταῖς
415 2402 600 2475 ἐπισκόπους
621 2408 677 2468 καί
698 2408 737 2468 τά
757 2402 826 2468 κατ’
850 2401 960 2478 αύτούς
983 2403 1153 2490 ἀνακρίνων
1174 2412 1230 2471 καί
1252 2407 1319 2482 λει-

93 2528 193 2596 τάίιον
217 2521 266 2586 λπί
287 2543 364 2586 τισιν
386 2521 671 2606 ίκκλησιαυτικοίς,
695 2523 722 2587 τί
744 2523 819 2599 δίοι,
843 2528 999 2610 ζητήμασι
1019 2529 1074 2589 καί
1095 2526 1194 2590 τὰλλα
1214 2539 1321 2604 ποιων,

94 2640 156 2706 ὅσα
177 2651 241 2711 τοίς
262 2643 362 2712 δ’τίοις
383 2645 437 2703 καί
460 2637 551 2723 ἱερούς
565 2645 675 2706 κανόσι
690 2645 874 2724 νινόμισται,
896 2640 1078 2728 όφιιλόντων
1098 2647 1152 2707 καί
1166 2655 1224 2707 τῶν
1238 2651 1321 2708 κατὰ

12 2751 13 2844 ᾗ
101 2764 157 2832 τὰς
190 2760 335 2830 τοιαύτας
368 2757 542 2835 ἁγιωτάτας
567 2757 736 2832 λαισκοπάς
762 2761 1009 2846 διοριλεστάτων
1037 2759 1209 2826 ἐπισκόπων
1239 2763 1324 2848 ἔχειν

99 2878 145 2950 τίς
178 2875 270 2942 αὐτὸν
302 2878 341 2962 δὴ
371 2879 423 2940 τόν
453 2875 614 2960 ἱερώτατον
646 2881 869 2964 μητροπολίτην
894 2879 1050 2962 Κυγίβου,
1083 2876 1244 2964 ύπίρτιμον
1268 2888 1324 2946 καί

98 2997 232 3080 ίειιρχον
252 2999 356 3078 πάσης
377 2993 516 3072 Ῥωυίας,
539 3005 597 3080 κῖνρ
618 2997 827 3073 Θεόγνωστυν,
854 3002 910 3060 καί
935 2997 1005 3070 τούς
1032 2996 1096 3081 μετ’
1123 2995 1214 3062 αὐτόν
1242 3003 1325 3062 κατὰ

101 3115 231 3196 καιρούς
253 3110 285 3176 όν
308 3107 386 3197 αότῇ
409 3112 633 3197 ἁρχιυρατικως
656 3115 876 3197 διαπρίττοντας
898 3117 951 3200 την
978 3119 1195 3202 προσήκουσαν
1221 3113 1324 3180 ιύττεί-

104 3235 209 3308 δτιαν,
232 3227 294 3294 ὅσα
313 3235 369 3293 καί
391 3231 435 3302 εἰς
455 3241 573 3315 πρῶτον
596 3230 745 3317 ἁρχιτρία
766 3235 888 3309 τούτων,
910 3239 965 3297 καί
980 3231 1144 3298 ύπακούιιν
1166 3233 1257 3318 αύτῷ,
1280 3234 1326 3321 λφ’

104 3351 150 3425 οἷς
172 3349 210 3414 ἂν
233 3350 305 3434 ύχυι
325 3352 426 3427 λόγοιν
447 3325 503 3412 καί
524 3349 720 3436 είσηγιίοδαι
736 3349 855 3426 αύτοίς,
878 3349 1032 3438 ἀφορῶσιν
1054 3353 1098 3424 τίς
1119 3359 1327 3438 καταρτισμὸν

104 3483 162 3536 τῶν
185 3470 287 3535 λκείοτ
309 3479 492 3554 χριυτιανῶν
514 3475 570 3533 καί
595 3471 639 3542 τίς
661 3471 768 3555 ἁτίραν
795 3471 1057 3555 ἐκκλησιαστικην
1084 3477 1139 3536 καί
1164 3476 1329 3558 κανονικὴν

102 3593 259 3655 πολττιίαν
280 3593 336 3653 καί
356 3589 556 3665 κατάστασιν,
579 3588 654 3655 ὅθεν
675 3591 731 3654 καὶ
751 3601 790 3677 τῇ
810 3591 897 3674 ἰσχύι
918 3596 973 3654 καί
995 3593 1123 3676 δυνάμει
1144 3601 1197 3656 τοό
1211 3597 1327 3676 τταρόν-

105 3732 163 3783 τος,
176 3709 411 3794 χροσοβούλλυυ
432 3709 527 3785 λόγου
548 3717 602 3791 της
625 3709 785 3789 βασιλιίας
812 3729 870 3792 μου
892 3705 1109 3772 ύττοκείσονται
1130 3714 1187 3791 μὲν
1208 3715 1263 3773 καί
1285 3711 1330 3783 τίς

106 3831 138 3890 τό
160 3827 233 3911 iffi(
256 3822 347 3890 αὗται
368 3829 407 3911 δὴ
430 3827 462 3889 αἱ
486 3822 630 3910 ῥηδτῖσαι
653 3823 821 3904 ἁγιώτατοι
848 3825 1013 3890 ἔπισκοπαί
1035 3837 1089 3912 τῆς
1110 3825 1231 3912 Μικράς
1253 3826 1330 3893 Ῥω-

108 3951 176 4018 σίας
205 3957 244 4030 τῇ
275 3945 486 4030 διαληφθείσῃ
514 3941 670 4026 ἁγιωτάτῃ
693 3945 877 4026 μητροπόλει
897 3944 1040 4026 Κογίβου
1068 3951 1122 4008 καί
1149 3949 1191 4029 τιρ
1219 3947 1331 4031 ταύτην

107 4064 333 4148 ἀρχιερατικῶς
355 4064 488 4125 διότοντι
509 4065 591 4125 κατὰ
613 4065 647 4124 τύ
663 4065 759 4145 παρόν
777 4061 928 4145 ἱερωτάτιρ
945 4066 1162 4150 μητροπολίτῃ,
1180 4063 1330 4151 ύτττρτίμιρ

108 4187 161 4244 καί
184 4181 307 4265 ἐξάρχω
327 4183 430 4265 πάσης
451 4178 593 4254 Ῥωοίας,
619 4187 677 4261 κύρ
699 4179 898 4262 Θευγνόστιρ,
926 4187 981 4242 καί
1006 4177 1054 4246 ὑπ’
1081 4181 1173 4247 αότυύ
1199 4189 1237 4248 τὰ
1263 4205 1333 4248 κατι

107 4298 204 4373 αύτίις
227 4298 476 4382 ὲκκλησιαστικὰ
503 4299 678 4382 ζητήματα,
705 4293 747 4368 ὣς
775 4297 914 4381 ἁνωτύμω
941 4299 1128 4384 δεδήλωται,
1156 4301 1332 4386 ἁνακριδή-

111 4425 216 4482 σοντσί
249 4441 282 4482 τε
315 4421 370 4480 καί
403 4413 679 4498 ίίεταυδήσονται,
711 4421 765 4478 καί
798 4425 853 4501 τῆς
888 4421 1104 4503 προσηκούσης
1136 4421 1333 4503 διορθώσεως

113 4537 325 4614 ίπιτιύξυνται,
348 4543 404 4600 καί
426 4541 463 4599 τὰ
487 4535 518 4598 ἐν
541 4533 646 4604 αὐταῖς
669 4532 853 4618 όρειλόμτνα
874 4541 973 4601 πάντα
995 4543 1049 4599 καί
1064 4545 1266 4620 νενομισμένα
1282 4563 1333 4604 τε-
