3282 5270
1277 325 1335 386 461

114 511 243 565 τοιαῦτα
265 503 446 586 τολμᾶσθαι
467 506 521 566 καί
542 501 562 588 ἡ
584 509 726 584 παροῦσα
739 499 873 586 ἡμετίρα
888 503 1015 586 νόμιμος
1034 507 1089 566 καί
1102 507 1250 590 κανονική
1266 527 1338 570 σον·

113 621 205 704 υότκή
231 619 388 706 ίγγραρος
410 617 600 692 ῦποτῦποισις
615 621 746 696 ἐγένετο,
769 622 965 704 σημανίίείσα
980 623 1034 682 καὶ
1048 625 1340 708 κατασραλισῦιίσα

114 749 180 810 ταῖς
202 735 372 823 ἡμετέραις
393 737 608 822 οίκειοχείροις
634 734 832 822 όπυγραραίς.
858 719 939 801 κατὰ
966 747 1048 822 μῆνα
1073 739 1263 824 ίαννουοίριυν
1285 751 1341 826 τῆς

119 860 227 940 τρίτης
248 857 306 919 ὶνῦ.
329 864 383 920 τοῦ
404 857 500 939 Ιτοτυμ
523 855 610 928 ότους
631 861 661 934 †.

201 979 222 1052 †
256 975 363 1060 Εἶχε
396 979 472 1038 καί
504 979 569 1038 τό·
593 973 849 1050 Φιλόῦτος,
873 972 981 1057 ίλίιρ
1014 979 1340 1052 θεοῦ,καίτὰς

115 1088 386 1178 ὑπογραρὰς
418 1103 498 1156 τῶν
531 1091 781 1177 τίρημίνιιν
815 1091 1069 1177 ἀρχιτρόιον
1102 1099 1131 1172 †.

400 1277 502 1342 CCIV.
519 1275 603 1342 68⁷3
617 1279 731 1360 (1365)
745 1275 913 1348 februario.
929 1275 993 1342 ind.
1008 1277 1063 1342 ΙΙΙ.

135 1419 217 1474 Aetio
230 1415 381 1489 synodalis,
398 1439 456 1490 qna
470 1423 613 1482 τισαώτιιν,
630 1423 818 1490 episcopatum
832 1419 931 1490 Ρρνρίί
947 1437 1005 1475 τετε
1019 1423 1194 1492 metropoleos
1208 1421 1317 1492 Ερόαεῦ.

395 1634 486 1698 ccv.
508 1631 749 1712 (τετε-1365)
763 1631 914 1698 ianuario.
931 1615 997 1696 λιι.
1013 1634 1067 1698 111.

427 1771 582 1827 Μουσαίου
600 1773 762 1842 Τότυρίίίειε
776 1774 1031 1830 wemmam.

203 1916 533 1999 γΚαθαίρεσις
561 1925 635 1980 τοῦ
661 1922 768 1980 ποτὲ
795 1927 1109 2000 πνευματικοῦ
1136 1927 1210 1983 τοῦ
1238 1923 1342 1986 Θεο-

117 2039 256 2123 ρίλυυ
287 2040 317 2113 †.

203 2157 224 2232 †
247 2153 496 2238 Προκαθημένης
519 2163 573 2238 τῆς
593 2150 680 2237 ἡμῶν
703 2158 899 2239 μετριότητος
926 2155 1101 2230 σονοόιιιώς,
1129 2157 1342 2239 συνεόριαζόν-

116 2292 175 2335 τον
199 2269 278 2356 αῦτη
300 2273 355 2333 καί
376 2281 434 2333 τών
456 2270 624 2354 ἱερώτατον
648 2269 815 2355 ἀρχιερέων
830 2277 885 2334 καί
907 2270 1085 2356 ώπερτίμων,
1114 2283 1166 2336 τοῦ
1194 2295 1227 2336 τε
1249 2273 1342 2359 Ἐρί-

118 2413 190 2466 συο,
217 2398 271 2452 τοῦ
293 2389 444 2463 Κυζίκου,
471 2399 524 2452 τοῦ
546 2388 694 2466 Νικαίας,
718 2400 771 2454 τοῦ
793 2390 1012 2474 Χαλκηδόνος,
1039 2399 1092 2454 τοῦ
1115 2390 1254 2468 Τυόνιον,
1289 2401 1344 2455 τοῦ

117 2507 249 2590 Βιζόης,
276 2515 330 2570 τοῦ
357 2505 642 2589 Τραϊανουπόλοαις,
672 2515 726 2570 τοῦ
753 2507 997 2590 Τραπεζοῦντος,
1024 2516 1078 2570 τοῦ
1106 2507 1263 2590 Βρῦσεώς,
1292 2519 1346 2572 τοῦ

118 2623 273 2709 Ἀθηνῶν,
296 2633 349 2687 τοῦ
370 2623 465 2690 Αἴνου
487 2629 541 2688 καί
563 2633 616 2688 τοῦ
638 2623 757 2707 Μώριον,
782 2623 984 2708 ἒλαλήόησαν
1011 2623 1180 2708 αἰτιάματα
1195 2631 1277 2690 κατὰ
1293 2637 1369 2696 τοῦ.

119 2741 326 2825 ἱερομονάχρό
347 2741 404 2805 καὶ
424 2752 630 2825 πνευματικοῦ
653 2743 804 2827 Θεοφίλου
820 2740 869 2805 ἰπὶ
883 2747 977 2826 τρισὶν
994 2738 1196 2828 όγκλημασιν·
1220 2743 1264 2808 ίνί
1281 2748 1346 2828 μίν,

120 2857 202 2930 ὅπως
218 2865 348 2938 γυναῖκα
364 2881 431 2924 τινα
445 2864 559 2944 πόρνην
575 2867 725 2922 συνοῦσαν
741 2858 786 2945 ἐρ’
803 2860 920 2932 ἱκανοῖς
935 2865 1059 2945 χρόνοις
1074 2859 1163 2944 ἀνδρί
1178 2882 1244 2939 τινι,
1262 2863 1347 2926 ἔπει-

120 2999 159 3041 τα
181 2987 397 3055 καταγνοῦσαν
421 2987 474 3042 τοῦ
497 2979 635 3041 τοιοῦτοι
657 2979 779 3050 πάθους
801 2983 856 3040 καί
876 2981 950 3062 πρός
973 2999 1041 3042 τινα
1063 2982 1202 3063 μοναχὴν
1231 2977 1348 3063 εὐλαβῆ

119 3107 361 3182 καταφυγοῦσαν
383 3101 438 3159 καί
458 3095 528 3180 παρ’
552 3094 671 3180 ἐκείνης
693 3095 736 3168 τὶς
758 3100 793 3159 τό
817 3099 987 3180 μοναχικόν
1004 3107 1113 3180 σχῆμα
1135 3108 1347 3174 καταστᾶσαν,

120 3217 229 3299 φθόνῳ
252 3217 285 3277 δὲ
308 3225 361 3278 τοῦ
389 3217 536 3298 δαίμονος
563 3213 654 3286 αὖθις
682 3217 974 3300 παλινδρομήσασαν
1002 3215 1046 3286 εἰς
1074 3219 1109 3278 τό
1136 3213 1211 3280 αότῦ
1232 3220 1348 3292 πάθος,

122 3331 264 3396 ἐπελθών
302 3329 391 3405 οὖτος
429 3335 468 3416 δη
507 3331 524 3394 ό
568 3337 705 3418 μοναχός
747 3337 944 3416 συνεχώρησε
980 3339 1036 3397 καί
1073 3334 1193 3412 ἐγίνετο
1227 3335 1346 3398 όνόόσει

122 3453 232 3513 τοῦτου
254 3449 410 3534 ἱερολογία
432 3455 533 3536 γάμου
556 3452 599 3523 εἰς
615 3449 735 3522 αῦτοώς*
759 3449 853 3534 ἓτόριρ
876 3453 920 3526 δὲ,
938 3448 984 3513 ὅτι
1007 3451 1040 3514 ὃν
1064 3451 1233 3536 ἀνόθρτψεν
1260 3449 1351 3523 οὗτος

122 3573 178 3632 καί
202 3618 259 3634 ...
284 3569 385 3652 ἔκειρε
408 3573 489 3632 κατὰ
512 3571 679 3654 μοναχσῦς,
702 3573 757 3631 καὶ
774 3567 836 3651 μετ’
864 3567 967 3646 ὀλίγον
995 3569 1177 3654 ᾠκονόμησε
1201 3573 1350 3646 γενόσθαι

111 3699 230 3751 Ιτοῦτον
253 3689 407 3764 διάκονον,
436 3693 489 3750 καὶ
517 3687 582 3771 εἶχε
610 3685 681 3770 μεθ’
709 3685 818 3748 ἑαυτοῦ
846 3685 877 3749 ὲν
904 3690 945 3770 τῷ
966 3691 1079 3770 κελλίιρ
1103 3683 1210 3762 αὐτοῦ,
1235 3685 1266 3750 λν
1289 3688 1349 3771 μιιζ

124 3820 182 3872 τῶν
204 3805 326 3892 ἡμερῶν
349 3808 503 3886 κατέλαβε
526 3815 632 3868 τοῦτον
655 3801 699 3867 ἐπ’
728 3781 895 3891 αὐτοφώρῳ
924 3810 1001 3888 μετὰ
1027 3807 1172 3882 γυναικὸς
1199 3803 1351 3885 ἆστλγαίι

124 3943 225 3999 νοντα,
247 3927 302 3986 καὶ
324 3927 449 4005 σκώψας
473 3919 564 3984 αὐτόν
587 3919 738 4004 ἐκράτησε
754 3931 806 3984 τοῦ
823 3921 995 4006 ἱερουργεῖν,
1011 3925 1143 4005 ποιήσας
1159 3921 1203 3993 εἷς
1217 3924 1351 3994 πολλοῦς

124 4041 302 4123 κατάδηλον
326 4043 359 4103 τό
382 4043 489 4102 τοῦτου
511 4043 624 4114 πόθος,
648 4039 753 4102 ἔπειτα
777 4045 972 4124 συνεχώρησε
999 4041 1095 4122 τοώτιρ
1115 4045 1170 4102 καί
1192 4039 1351 4124 ίεροῦργει·

125 4161 158 4221 τό
181 4159 216 4221 δὲ
240 4162 339 4242 τρίτον
363 4159 516 4242 ἔγκλημα,
541 4154 587 4220 ὅτι
610 4161 688 4240 μετὰ
703 4161 736 4220 τό
753 4157 959 4242 ἐπισχεθῆναι
974 4165 1080 4220 τοῦτον
1095 4161 1180 4241 παρὰ
1194 4168 1249 4242 τῆς
1264 4155 1352 4242 ἡμῶν

126 4281 323 4362 μετριότητος
344 4285 398 4358 της
421 4298 466 4338 τε·
476 4275 640 4361 ἱερωσύνης
663 4273 756 4338 αὐτοῦ
783 4279 912 4339 καὶτοῦ
938 4285 1143 4359 πνευματικοῦ
1170 4277 1351 4360 λειτουργή-

127 4415 231 4475 ματος,
255 4391 294 4456 δι’
317 4391 394 4476 ἅπερ
417 4393 583 4456 όλαλοῦντο
606 4389 675 4456 κατ’
698 4389 806 4467 αότοῦ,
823 4389 967 4476 οἰπίκειρε
993 4398 1136 4479 μοναχήν
1161 4413 1229 4456 τινα
1256 4390 1288 4455 ἐν
1310 4391 1354 4475 τῷ

128 4510 320 4596 μοναυτηρὶιρ
336 4512 468 4596 Πιγκίρν
482 4561 488 4575 .
503 4560 509 4576 .
525 4560 531 4575 .
547 4521 601 4576 τοῦ
617 4512 873 4595 Θεοφιλοποῦλου.
889 4514 992 4596 παρών
1007 4514 1041 4587 δὲ
1059 4509 1150 4586 αότός
1165 4517 1220 4576 καί
1235 4510 1352 4596 όριυτη-
