3284 5282
1278 317 1318 380 79

105 505 142 577 εἰς
155 505 236 577 ἰδίας
252 503 350 568 αυτοῦ
364 511 482 589 χρείας,
504 503 572 568 ἀλλ’
588 503 794 589 ἀναλίσκηται
813 504 857 576 τίς
879 501 1067 588 λυχνοκαΐαν
1086 509 1140 566 καί
1154 508 1316 587 περιποίη-

102 648 141 688 σιν
161 635 214 688 τοῦ
236 629 378 688 τοιούτου
399 630 489 690 θείου
512 635 596 688 ναοδ.
620 622 774 700 ύσαύτως,
803 623 907 707 ἐπειδή
931 623 1092 705 λγνιύρισεν
1113 622 1133 708 ή
1157 627 1316 706 μετριότης

100 743 180 828 ἡμῶν
197 752 253 808 καί
276 743 322 817 ἀς
344 745 420 808 ἑπτά
442 765 520 816 τινες
542 755 601 807 τῶν
622 747 904 827 πρυβαθμιωτίρων
926 745 1136 825 πρεσβυτέρων
1158 753 1212 806 τού
1234 745 1314 826 κλή-

102 887 150 948 ρου
173 874 229 948 τῆς
252 867 402 947 τοιαύτης
428 865 647 948 μητροπόλεως
669 863 850 934 Ἀτταλείας
879 861 1101 926 ἀντιποιοῦνται
1126 874 1180 947 της
1205 883 1315 939 τεταγ-

101 989 184 1068 μόνης
206 982 409 1055 ἀκολουθίας
430 991 484 1045 τού
499 981 675 1068 εύχελαίυο,
699 981 777 1046 ύστε
798 981 870 1066 παρ’
885 980 983 1046 αὐτῶν
1004 987 1102 1066 μόνων
1117 981 1317 1046 λκτελείσθαι

100 1105 145 1185 τήν
164 1105 315 1186 τοιαύτην
338 1101 532 1196 ἀκολουθίαν
554 1107 608 1164 καί
635 1103 676 1185 μή
703 1101 774 1184 παρ’
796 1101 897 1164 ἀλλων
919 1111 1006 1163 τινῶν
1028 1094 1247 1184 πρεσβυτίρων,
1275 1102 1317 1182 τῷ

99 1220 182 1303 λόγιρ,
204 1217 254 1283 ὅτι
279 1220 404 1305 ἔφθασε
427 1222 587 1304 ταχθῆναι
609 1227 697 1282 τούτο
719 1221 776 1302 πρύ
799 1223 918 1302 χρόνων
939 1222 1024 1302 παρὰ
1046 1227 1100 1280 τού
1115 1220 1158 1302 τῷ
1171 1222 1239 1280 τότε
1256 1215 1315 1300 ἀρ-

98 1345 216 1422 χιερίιις
239 1349 300 1425 τῆς
321 1341 465 1424 τοιαύτης
489 1341 715 1424 μητροπόλεως,
738 1343 793 1401 καί
814 1347 911 1401 ταύτα
934 1336 999 1421 μετ’
1011 1335 1115 1414 ὀλίγον
1129 1339 1220 1400 πάλιν
1236 1336 1314 1400 ἀκυ-

99 1461 243 1537 ραθόντυς
266 1459 378 1521 τούτου
399 1459 453 1521 διὰ
473 1465 697 1540 πατριαρχικού
724 1461 915 1540 γρσίμματος,
943 1453 1018 1538 ὅπερ
1045 1453 1235 1540 λνερανίσθη
1260 1461 1315 1518 καί

97 1574 232 1662 τηήμιύν
255 1579 446 1661 μετριότητι,
466 1576 714 1660 παρακελεύεται
735 1573 756 1660 ἡ
780 1579 940 1660 μετριότης
967 1571 1068 1659 ήμῶν,
1094 1573 1145 1636 ἵνα
1171 1583 1225 1637 τού
1246 1577 1314 1637 λοι-

95 1705 145 1758 τυύ
165 1701 218 1760 καί
241 1697 289 1769 εἰς
312 1700 348 1760 τό
371 1695 441 1781 ἑξῆς
462 1699 638 1760 παύσωνται
660 1695 689 1758 οί
716 1705 849 1758 τοιοῦτοι
873 1697 1076 1777 πρεσβύτεροι
1102 1703 1156 1757 τού
1178 1693 1315 1758 ἀντιποι-

96 1818 191 1879 είσθαι
212 1825 270 1901 της
295 1818 440 1906 τοιαύτης
463 1815 657 1888 ἀκολουθίας
679 1787 732 1878 τού
760 1812 936 1899 εύχελαίοο,
964 1811 1006 1885 ἀς
1033 1815 1239 1898 διαφερούσης
1261 1820 1316 1878 καί

96 1933 266 2021 ἀνηκούσης
289 1937 378 2007 ἰδίως
401 1933 513 2010 αύτούς,
536 1941 590 1998 καί
615 1937 656 2020 μή
678 1935 751 2017 παρ’
772 1931 871 1997 αὐτῶν
895 1937 993 2017 μόνων
1016 1933 1179 2018 λκτελῆται
1200 1938 1239 1996 τὰ
1261 1945 1315 2020 τής

97 2055 230 2137 τοιαύτης
255 2052 468 2129 ἀκολουθίας,
492 2053 574 2117 ἀλλά
596 2057 692 2135 (παρὰ
715 2055 787 2129 τῶν)
808 2053 1028 2136 πρεσβυτίρων,
1053 2051 1106 2123 ούς
1129 2050 1167 2114 ἀν
1189 2053 1314 2137 θελήσῃ

94 2175 140 2232 καί
162 2173 427 2256 προσκαλέσηται
453 2171 587 2242 ἕκαστος
620 2181 678 2234 τῶν
705 2171 899 2254 βουλομίνων
929 2169 1066 2234 ἐκτελεῖν
1099 2173 1150 2233 τύν
1178 2179 1315 2234 τοιοῦτον

95 2289 256 2375 ἁγιασμόν,
286 2291 354 2356 &aaz
380 2295 435 2355 καί
462 2291 609 2374 ίπιτίμιον
636 2287 799 2374 ἠπείλησαν
825 2301 887 2361 τοῖς
910 2291 1058 2360 τοιούτοις
1087 2291 1314 2373 τρισβοτίροις,

95 2408 118 2471 εί
138 2411 227 2476 πόλιν
252 2407 343 2475 αύτοί
366 2415 453 2495 μόνοι
476 2410 608 2494 ἐνεργεῖν
635 2413 672 2472 τὰ
694 2418 749 2492 τής
771 2411 914 2494 τοιαύτης
942 2407 1135 2482 ἀκολουθίας
1157 2412 1314 2494 πειραθή-

94 2551 199 2594 σονται.
223 2530 276 2595 ἀεί
298 2533 395 2614 τούτῳ
417 2534 477 2614 γὰρ
500 2535 555 2594 καί
576 2533 611 2592 τό
632 2533 729 2612 παρόν
753 2531 914 2592 συνοδικύν
936 2531 1064 2612 γράμμα
1086 2537 1140 2612 τῆς
1155 2524 1242 2612 ῆμύν
1258 2551 1314 2613 με·

94 2653 243 2735 τριότητος
269 2649 466 2714 ἀκολίλυται.

168 2775 188 2844 †
226 2767 338 2851 Εἶχε
372 2771 431 2831 τύ·
467 2773 656 2852 μηνύω,
689 2766 767 2830 ὶνδ.
802 2767 830 2830 α’
861 2771 891 2844 †.

380 2953 494 3018 XLIII.
518 2958 760 3034 (6826—1318)
776 2960 908 3040 augusto
922 2953 986 3017 ind.
1002 2953 1025 3016 I.

93 3093 209 3162 synodus
219 3099 413 3186 ηεινομοίίόατ
423 3097 592 3158 hammus,
606 3099 654 3167 qui
668 3097 700 3150 οό
714 3098 812 3150 δεδίασι
826 3115 908 3150 mam
921 3097 1054 3150 ἀίοοσττάα
1064 3096 1173 3164 inm·
1185 3113 1242 3150 ποτε
1253 3107 1315 3165 μοί·

148 3225 194 3276 αττ,
214 3218 369 3284 permittit,
393 3225 425 3268 τιί
439 3219 505 3268 iura
519 3215 692 3284 episcopalia
706 3223 827 3266 ατεττοαί
840 3217 870 3266 in
884 3215 1045 3282 εμίτεοραίιι
1060 3211 1252 3268 mamm.

170 3365 190 3437 †
211 3360 341 3443 Ἐπειδὴ
362 3359 379 3424 δ
395 3360 558 3442 ἱερώτατος
574 3360 800 3442 μητροπολίτης
815 3357 984 3442 Λαρίσσης,
1002 3355 1171 3443 ύπίρτιμος,
1189 3357 1220 3421 δν
1236 3356 1315 3440 ἀγίιρ

94 3481 234 3562 πνεύματι
259 3479 419 3564 ἀγαπητός
442 3479 576 3564 ἀδελφός
599 3489 653 3562 της
674 3476 761 3562 ἡμῶν
785 3483 979 3562 μετριότητος
1001 3483 1055 3541 καί
1075 3481 1318 3590 συλλειτουργός,

98 3593 204 3680 ἔγραψε
227 3603 284 3660 καί
307 3596 476 3682 ἀνήνεγκεν
503 3597 545 3667 εὶς
573 3599 625 3680 τήν
653 3593 729 3658 καθ’
756 3596 839 3680 ἡμᾶς
867 3595 949 3678 ἱερὰν
975 3603 1031 3659 καί
1058 3599 1151 3659 θείαν
1178 3599 1316 3673 σύνοδον,

98 3711 187 3784 ὁςέκ
210 3728 266 3803 τής
290 3717 503 3801 ίπισυμβοίσης
526 3715 570 3788 εὶς
592 3719 644 3779 τύν
666 3715 766 3779 ἐκεῖσε
789 3719 880 3779 τύπον
904 3719 1083 3799 συγχύσεως
1109 3720 1163 3778 καί
1186 3715 1313 3800 ἀνωμα-

99 3831 159 3903 λίας
181 3833 243 3898 ἀκύ
273 3843 327 3918 τῆς
350 3841 455 3920 μάχης
482 3835 679 3918 ἐμποδίζεται
700 3840 754 3896 καί
777 3830 865 3896 ούδόν
889 3834 958 3916 ἔχει
981 3831 1025 3894 ἐπ’
1050 3833 1156 3905 ἀδείας
1170 3835 1314 3897 καταλα-

101 3949 155 4026 βεῖν
170 3951 213 4023 εὶς
230 3956 284 4037 τήν
300 3956 460 4039 λαχούσαν
477 3951 567 4017 αύτύν
584 3951 756 4037 ἀγιωτάτην
773 3953 958 4036 μητρόπολιν
973 3950 1133 4036 Λαρίσσης
1156 3958 1209 4016 καί
1232 3950 1315 4036 εύρί-

102 4071 229 4132 υκεσθαι
251 4076 307 4134 καί
328 4073 445 4149 διάγειν
468 4070 500 4133 ὲν
516 4069 593 4155 αύτή
608 4075 716 4134 καὶτὰ
733 4071 877 4156 ἐφειμένα
898 4071 993 4150 τούτῳ
1009 4069 1231 4154 ἀρχιερατικῶς
1245 4075 1315 4134 δια-

102 4192 300 4266 πράττεσθαι,
329 4189 464 4275 οἰπήλθεΙ
478 4193 512 4252 δὲ
543 4192 594 4252 διὰ
622 4199 711 4252 τούτο
739 4192 793 4250 καὶ
816 4184 990 4270 εύρίσκεται
1013 4189 1055 4259 τίς
1078 4191 1131 4272 τήν
1154 4187 1201 4252 ὑπ’
1224 4188 1316 4253 αύτύν

103 4302 267 4393 ἀγιειτάτην
291 4307 457 4391 ἐπισκοπὴν
472 4309 662 4392 Χαρραίνης,
686 4306 717 4368 ἐν
740 4309 883 4388 στερήσει
906 4303 1125 4391 εύρισκομόνην
1150 4307 1316 4390 ἀρχιερίως

103 4431 230 4508 γνησίου,
254 4431 309 4490 καί
333 4425 489 4510 ἐζήτησεν,
511 4425 563 4489 ἵνα
585 4425 734 4509 ἐπιτραπῇ
751 4426 927 4500 συνοδικιύς,
944 4422 1022 4487 ίύστε
1035 4427 1111 4508 πρὸς
1126 4426 1242 4506 καιρὸν,
1259 4428 1316 4506 μί-

106 4561 166 4623 'mc
188 4545 224 4608 ἀν
247 4547 391 4632 δηλονότι
414 4549 452 4607 t&
478 4555 532 4626 τῆς
559 4549 662 4627 μάχης
685 4543 831 4627 διαλυθῇ,
855 4549 909 4606 καί
935 4543 1071 4626 εἰρηνική
1097 4543 1188 4605 πάλιν
1214 4545 1315 4604 καττί-
