3258 5282
1253 315 1316 379 387

86 493 406 578 φιλανθρωπότατον,
430 493 638 579 διτηυδόκησεν
666 499 720 579 μέν
746 493 835 566 αὐτὸς
861 497 898 580 δή
922 493 938 558 ό
960 499 1121 578 κράτιστος
1148 499 1202 558 καὶ
1227 494 1315 574 ἅγιός

85 634 152 693 μου
177 608 391 696 αὐτοκράτωρ,
415 612 584 698 ὐψηφίσατο
606 613 692 698 καίή
710 617 868 698 μετριότης
891 611 975 698 ήμῶν
998 618 1074 697 μετὰ
1095 603 1244 697 τῦν’περί
1258 611 1315 677 αὐ-

86 730 145 811 τήν
170 703 347 812 ἱερωτάτων
369 730 546 812 ἀρχιερέων,
569 736 623 794 καί
644 729 704 814 ήδη
727 737 807 794 κατὰ
829 731 881 814 τήν
904 730 1061 814 ἀποδοχήν
1083 735 1138 792 καί
1153 732 1206 814 τήν
1222 735 1317 816 ζήτη-

87 853 139 910 σίν
165 869 232 910 σου
254 853 309 911 καί
334 850 368 910 τό
391 853 543 932 συμφέρον
569 858 623 912 τοῦ
649 847 759 910 αὐτόθι
785 850 992 931 χριστωνόμου
1018 849 1095 910 λαοῦ
1123 845 1273 934 μετετέθη
1300 847 1317 912 ὁ

87 963 268 1048 ἱερώτατος
290 966 513 1049 μητροπολίτης
536 965 683 1048 Βιτζίνης,
708 962 795 1036 υύτυς
817 965 854 1047 δή
877 963 894 1026 ό
916 974 972 1047 κῦρ
994 963 1174 1041 Ὑάκινθος,
1190 968 1242 1029 διὰ
1263 975 1317 1050 τής

87 1087 323 1166 νενομισμένης
356 1083 510 1167 ἐγγράφου
543 1083 704 1166 συνοδικής
729 1084 863 1165 πράξεως
890 1081 933 1151 εὶς
958 1093 1059 1144 πᾶσαν
1076 1129 1230 1146 .......
1263 1088 1318 1146 καί

87 1201 158 1262 ἔστι
183 1203 224 1262 τό
250 1198 315 1262 ἀπό
331 1202 419 1262 τοῦδε
440 1204 495 1262 καί
516 1199 560 1271 τίς
583 1202 616 1263 τό
639 1199 706 1284 όξής
729 1203 852 1284 γνήσιος
875 1198 1031 1282 ἀρχιερεὺς
1053 1205 1155 1284 πάσης
1177 1197 1316 1284 Οὐγγρο-

89 1321 249 1402 βλαχίσς,
274 1319 354 1402 ἔχων
377 1317 492 1394 ἄδειαν,
514 1321 624 1388 καθὼς
646 1315 665 1401 ή
688 1331 828 1395 γεγονυῖα
851 1318 899 1379 ίπί
924 1319 1019 1400 τούτῳ
1047 1299 1199 1404 ἔγγραφος
1227 1339 1318 1382 συνυ-

86 1437 165 1519 δική
190 1439 304 1519 πρᾶξις
326 1439 408 1498 κατὰ
430 1440 523 1519 μέρος
545 1435 675 1510 διέξεισι,
697 1446 792 1498 ποιεῖν
815 1434 846 1498 έν
868 1439 952 1518 πάση
976 1446 1012 1518 τή
1035 1433 1138 1517 ἐνορίη
1156 1417 1209 1498 κοίί
1224 1434 1319 1518 έιιαρ-

88 1559 149 1636 χίσ,
174 1549 278 1639 αὐτῆς
299 1558 407 1629 πάντα,
431 1550 490 1616 ὅσα
510 1552 618 1636 ἀνήκει
641 1559 754 1636 γνησίῳ
770 1551 913 1636 ἀρχιερεῖ.
936 1557 991 1615 καί
1005 1561 1101 1615 ταῦτα
1117 1559 1170 1636 μὲν
1187 1552 1320 1636 όκῦρωσε

89 1670 147 1734 καὶ
172 1670 364 1753 όβεβαίωσεν
386 1667 481 1743 οὐτως
503 1668 522 1754 ή
546 1667 620 1746 ἁγία
643 1678 694 1730 τοῦ
717 1671 847 1752 Χριστοῦ
869 1671 1027 1753 καθολική
1050 1670 1105 1733 καὶ
1130 1669 1318 1754 άτυσεολική

91 1787 258 1872 ἐκκλησία
281 1785 406 1868 εὐδοκία
428 1791 481 1848 καί
502 1795 554 1848 τοῦ
577 1791 739 1868 κρατίστου
761 1791 815 1848 καί
838 1785 926 1862 ἁγίου
949 1807 1007 1868 μου
1028 1783 1251 1870 αὐτοκράτορος
1265 1787 1321 1851 καὶ

92 1909 205 1988 γνώμη
236 1914 290 1988 τής
315 1903 401 1989 ήμῦιν
424 1907 616 1986 μετριότητος
643 1907 697 1966 καί
723 1913 776 1985 της
804 1903 887 1984 ἱεράς
915 1905 1042 1965 συνόδου
1072 1908 1153 1966 κατὰ
1185 1907 1239 1988 τήν
1265 1907 1322 1988 σήν

93 2025 228 2105 ζήτησιν
251 2024 306 2084 καί
328 2019 500 2102 ἀποδοχήν·
524 2022 577 2081 σῦν
599 2021 633 2080 δέ
657 2017 736 2081 ἔστιν
759 2017 818 2082 ἀπό
835 2028 887 2082 τοῦ
908 2029 959 2082 νῦν
982 2025 1139 2105 φροντίσαι
1165 2019 1220 2083 καὶ
1242 2018 1321 2082 ἀπο-

91 2139 267 2220 πληρῶσαι.
284 2139 337 2220 τήν
360 2133 525 2220 ὐτόσχεσίν
549 2157 614 2210 σου,
641 2134 735 2218 ήγουν
756 2135 808 2198 ἵνα
832 2138 947 2220 τοιήοη
973 2133 994 2220 ή
1021 2135 1158 2214 εὐγένειά
1185 2157 1240 2200 σου
1266 2141 1321 2199 καί

93 2255 123 2318 οἱ
143 2257 258 2326 παῖδες
279 2258 334 2316 καί
354 2255 541 2336 κληρονόμοι
563 2253 617 2316 καὶ
639 2255 781 2336 διάδοχοι
803 2251 897 2336 αὐτῆς
917 2257 1044 2336 γράμμα
1060 2255 1194 2336 ἔνορκον,
1217 2275 1317 2338 κατη·

94 2373 309 2458 σφαλισμόνον
330 2373 497 2447 πάντοθεν,
520 2371 729 2453 διαλαμβάνον
756 2375 837 2434 κατὰ
864 2376 970 2454 μέρος,
995 2370 1047 2433 ἵνα
1073 2374 1214 2455 δηλονότι
1242 2376 1319 2456 μετά

95 2494 238 2556 θάνατον
260 2499 315 2554 τοῦ
337 2491 473 2552 τοιούτου
501 2487 669 2572 ἀρχιερέως
695 2485 776 2571 ὐμῶν
803 2486 1020 2573 εὐρίσκηταιή
1047 2499 1132 2552 πᾶσα
1159 2489 1241 2572 ἀρχή
1262 2491 1318 2552 καὶ

97 2607 281 2694 ἐπικράτεια
312 2619 366 2693 τής
393 2605 648 2691 Οὐγγροβλαχίας
674 2603 729 2670 ὑπό
752 2608 805 2690 τήν
837 2603 912 2669 καθ’
945 2602 1027 2689 ἡμᾶς
1061 2604 1230 2688 άγιωτάτην
1263 2616 1318 2670 τοῦ

97 2729 177 2789 θεοῦ
202 2729 342 2811 μεγάλην
358 2725 537 2809 όκκλησίαν,
560 2729 614 2786 καί
628 2733 842 2808 χειροτονήται
856 2728 946 2808 ψήφῳ
963 2725 1108 2808 συνοδική
1127 2721 1197 2806 παρ’
1213 2719 1316 2805 αὐτής,

98 2841 139 2916 ὣς
163 2846 301 2908 εἴθισται
322 2842 377 2906 καί
398 2846 584 2925 νενόμισται,
608 2841 780 2925 ἀρχιερεὺς,
802 2846 856 2904 καί
878 2841 1102 2924 ἀτοστέλληται
1130 2837 1245 2902 αὐτόθι
1273 2839 1318 2910 εἰς

97 2969 285 3045 τοιμανσίαν
307 2967 362 3024 καί
384 2963 515 3044 ψυχικήν
537 2957 686 3044 ὠφέλειαν
709 2968 761 3021 τοῦ
784 2955 895 3020 αὐτόθι
916 2960 1126 3042 χριστωνῦμου
1148 2957 1236 3032 λαοῦ,
1262 2961 1318 3019 καί

100 3078 261 3163 όκπὲμψης
288 3083 322 3140 τό
350 3087 468 3140 τοιοῦτο
496 3082 623 3160 γράμμα
649 3081 725 3159 μετὰ
751 3087 808 3138 τῶν
837 3073 1070 3157 ἀπεσταλμένων
1099 3077 1211 3136 τούτων
1236 3079 1319 3156 παρὰ

100 3204 151 3276 τής
172 3193 261 3278 ἡμῶν
285 3198 477 3276 μετριότητος
501 3192 637 3255 ἐνταῦθα
660 3195 703 3263 τίς
726 3195 778 3274 τήν
802 3189 892 3268 άγίαν
915 3201 967 3252 τοῦ
989 3191 1120 3273 Χριστοῦ
1142 3191 1316 3274 καθολικὴν

99 3317 151 3374 καί
174 3311 383 3392 άτιοοτολικήν
405 3308 573 3393 ἐκκλησίαν
596 3313 649 3370 καί
673 3309 714 3378 είς
736 3309 789 3390 τήν
812 3310 901 3369 θείαν
923 3313 977 3369 καί
1000 3307 1083 3390 ἱεράν
1103 3309 1238 3381 οῦνοδον,
1261 3311 1315 3368 καί

102 3425 145 3492 ἔνι
166 3431 210 3502 εὶς
234 3431 395 3511 βεβαίωσιν
417 3432 471 3490 καί
493 3425 663 3510 ἀσφάλειαν
687 3437 739 3510 της
762 3421 956 3506 ὑποσχέσεως
983 3431 1037 3488 καί
1063 3430 1237 3509 συμφωνίας
1258 3435 1314 3508 τής

104 3519 257 3624 εὐγενείας
290 3567 359 3620 σου,
393 3543 456 3607 ὐπεί
488 3541 566 3605 ὥστε
595 3543 671 3605 εἶναι
698 3548 926 3624 άπαραποίητον
953 3547 1007 3603 καί
1035 3541 1225 3622 ἀμετάθετον
1258 3545 1313 3625 τήν

104 3665 264 3750 εἰρημένην
286 3667 487 3736 κατάστασιν,
514 3665 567 3722 καί
593 3661 751 3728 συνοδικῦς
776 3661 931 3742 φρικώδης
959 3657 1126 3744 άφοριομδς
1152 3655 1314 3744 ήπείληπαι

104 3789 180 3846 κατά
201 3795 257 3848 τοῦ
279 3785 466 3862 κωλύσοντος
488 3785 541 3841 καί
564 3778 770 3862 ἀθετήσοντος
793 3781 912 3860 ταύτην.
943 3775 1057 3860 ὐφείλει
1082 3779 1117 3838 δὲ
1140 3783 1193 3840 καί
1214 3775 1233 3862 ή
1260 3777 1312 3841 εὐ-

104 3905 201 3972 γένειά
224 3924 290 3976 σου,
320 3903 478 3984 ζητήσασα
506 3893 706 3978 εὑρίσκεσθαι
733 3893 773 3964 ὡς
800 3893 863 3964 οίύς
897 3898 1018 3976 γνήσιος
1050 3905 1103 3980 τής
1136 3893 1226 3972 ἁγίας
1258 3905 1312 3960 τοῦ

107 4015 233 4098 Χριστοῦ
256 4019 430 4100 καθολικής
453 4013 506 4077 καὶ
529 4013 732 4093 ἀποστολικής
755 4011 932 4094 ἐκκλησίας,
956 4017 1090 4093 στέργειν
1113 4011 1311 4095 ἀμεταθέτως

107 4135 141 4192 τὰ
161 4111 383 4217 ὡμολογημένα
409 4137 463 4194 καί
488 4131 741 4214 πατροπαράδοτα
763 4133 817 4190 καί
839 4124 908 4209 ὐγιή
935 4129 1085 4210 δόγματα,
1110 4131 1179 4200 τούς
1206 4133 1311 4202 θείους

106 4254 156 4310 καί
182 4251 279 4335 ἱερούς
306 4254 438 4330 κανόνας
463 4253 517 4312 καί
545 4249 613 4318 τούς
639 4247 826 4330 φιλευσεβεῖς
852 4249 976 4328 νόμους,
1007 4244 1045 4307 δι’
1072 4246 1112 4308 ὧν
1141 4249 1312 4332 στηρίζεται

109 4367 139 4424 τύ
159 4379 209 4453 τής
232 4370 400 4450 ἐκκλησίας
423 4371 582 4450 στήριγμα,
605 4371 658 4428 καί
680 4365 763 4447 ἔχειν
785 4369 838 4426 καί
860 4367 934 4446 πρός
957 4367 1007 4426 τόν
1030 4367 1187 4449 εἰρημένον
1204 4367 1311 4450 ἀρχιε-

110 4484 159 4555 ρέα
190 4483 350 4566 εὐλάβειαν
376 4489 429 4546 καί
457 4484 583 4564 στοργήν
610 4484 662 4564 τήν
689 4479 903 4564 ὀφειλομένην,
932 4491 1020 4544 τοῦτο
1047 4487 1107 4560 γὰρ
1128 4493 1258 4548 ποιοῦσα
1291 4481 1312 4565 ἡ

1058 4583 1124 4637 25*
