3282 5270
319 253 382 314 498

319 445 446 499 στιανῶν
479 439 678 520 φροντίζουσα
701 435 834 516 μάλιστα
857 431 911 496 καὶ
942 433 1100 517 κηδομένη
1132 435 1186 495 καί
1220 432 1443 517 ἐπιμελουμένη
1462 441 1529 529 της
1634 489 1635 492 ,

318 559 453 638 ψυχικῆς
475 557 626 637 σωτηρίας
647 548 756 628 αὑτῶν,
779 549 820 622 ῶς
843 552 875 614 ἐν
898 554 982 634 μίσιρ
1003 560 1061 613 τῶν
1081 547 1178 614 ἐθνῶν
1194 546 1389 634 ὑπαρχόντων
1410 553 1466 613 καὶ
1479 551 1531 612 διὰ

317 678 413 733 ταῦτα
433 671 549 754 πολλῆς
570 671 722 752 δεομένων
743 678 797 753 τῆς
818 665 887 750 παρ’
908 664 994 750 ἡμῶν
1017 668 1167 750 βοηθείας
1182 672 1236 730 καί
1257 667 1456 752 ἐπισκέψεως,
1478 668 1531 731 διά
1634 711 1635 752 η

316 790 449 874 σπουδῆς
472 788 564 872 εἶχεν,
586 787 664 852 ὥστε
685 792 806 870 ποιμένι
827 789 881 850 καὶ
904 788 1059 868 προστάτῃ
1082 788 1205 856 τοὺτυυς
1233 783 1414 870 ἐγχειρίσαι,
1436 787 1531 849 δυνα-

316 913 396 991 μένῳ
417 909 534 991 πολλῆς
557 905 658 977 αὑτοῖς
681 906 865 989 μεταδοῦναι
886 914 940 985 τῆς
962 901 1123 989 ὠφελείας·
1157 909 1210 966 καί
1231 905 1310 988 δῆτα
1330 907 1390 986 πρό
1412 907 1530 988 χρόνον
1634 967 1635 990 φ

314 1025 376 1110 ἤδη
408 1035 496 1108 τριῶν
518 1027 766 1108 χειροτονηθέντι
788 1023 828 1104 τῷ
853 1021 1005 1103 ἱερωτάτη
1028 1023 1234 1106 μητροπολίτη
1256 1021 1399 1113 Ἐφέσου,
1434 1017 1527 1104 ὑπερ·
1634 1043 1635 1074 ι

315 1151 391 1226 τίμιρ
413 1148 468 1205 καί
489 1141 608 1224 ἐξάρχω
629 1145 732 1224 πάσης
754 1140 871 1214 Ἀσίας,
905 1137 935 1200 ἐν
959 1137 1036 1220 ἀγίιμ
1058 1141 1204 1230 πνεῦματι
1227 1139 1374 1224 ἀγαπητῷ
1405 1138 1531 1224 ἀδελφῇ

315 1272 369 1344 τῆς
390 1259 476 1346 ἡμῶν
499 1263 692 1342 μετριότητος
715 1263 768 1320 καί
791 1256 1023 1338 συλλειτουργιηί,
1056 1258 1344 1342 σονδιαακεψαμένη
1365 1253 1445 1342 αὑτη
1466 1270 1529 1328 τοῖς
1634 1271 1635 1276 ’

314 1377 542 1462 εὑρισκομένοις
575 1377 606 1439 ἐν
640 1389 676 1460 τῇ
710 1378 844 1456 βασιλίδι
865 1386 923 1438 τῶν
945 1377 1061 1438 πόλεων
1088 1378 1123 1438 τὸ
1156 1385 1321 1460 τηνικαῦτα
1353 1375 1529 1460 ἱερωτάτοις

314 1498 488 1582 ἀρχιερεῦσι
509 1501 563 1558 καί
585 1493 764 1578 ὑπερτίμυις,
787 1496 828 1575 τῷ
851 1493 1051 1574 Καισαρείας,
1072 1493 1120 1576 ’τιρ
1140 1492 1333 1576 Ἡρακλείας,
1367 1494 1409 1578 τῷ
1430 1495 1528 1567 Κυζί-

313 1637 380 1690 κου,
403 1617 445 1697 τῷ
466 1614 704 1696 Φιλαδελφείας,
738 1611 780 1694 τῴ
799 1611 943 1686 Νικαίας,
976 1611 1018 1694 τῷ
1038 1611 1250 1695 Χαλκηδόνος,
1282 1615 1324 1698 τῷ
1343 1611 1526 1712 Ποντοηρα-

310 1737 417 1804 κλείας
439 1731 562 1814 ἐκείνῳ,
596 1731 637 1813 τῷ
657 1731 806 1812 Βρῦσεως,
830 1729 872 1812 τῷ
891 1729 1033 1812 Ἀθηνῶν
1055 1734 1109 1792 καί
1131 1731 1172 1812 τῷ
1195 1729 1439 1812 Τραπεζοῦντος,
1472 1733 1525 1794 δέ·
1634 1727 1635 1776 ἐ

311 1855 392 1916 δωκε
414 1854 467 1934 την
488 1852 629 1931 τοιαὺτην
653 1848 823 1932 ἀγιωτάτην
847 1848 1030 1931 μητρόπολιν
1056 1856 1109 1910 τοῦ
1131 1847 1265 1930 Πυργίου
1286 1845 1354 1912 κατ’
1377 1847 1525 1924 ἐπίδοσιν,

311 1966 358 2032 ότι
380 1991 412 2030 τε
433 1969 562 2051 πλησίον
585 1967 651 2028 ἐστὶ
672 1975 725 2048 τῆς
748 1963 840 2028 αὐτοῦ
863 1965 1040 2050 ἐκκλησίας,
1063 1969 1117 2028 καὶ
1139 1967 1264 2030 δῦναται
1279 1965 1452 2048 ἐπιβλέπειν
1466 1964 1524 2031 αά·

310 2088 381 2157 τοῦς
402 2091 455 2149 καί
478 2087 644 2158 διδάσκειν,
656 2089 710 2145 καὶ
731 2085 783 2146 διὰ
804 2085 857 2168 την
881 2083 1007 2147 ἐνοῦσαν
1029 2084 1071 2168 τῷ
1093 2083 1179 2166 ἀνδρί
1199 2089 1282 2168 παρὰ
1303 2088 1382 2149 θεοῦ
1405 2087 1524 2149 σὺνεσίν

310 2227 343 2268 τε
365 2204 419 2266 καὶ
440 2206 566 2286 δύναμιν
588 2203 759 2284 θαυμαστῷ
779 2209 860 2266 κατὰ
881 2208 980 2266 πάντα
1001 2207 1182 2287 τυγχάνοντι
1203 2204 1258 2266 καὶ
1283 2215 1340 2266 τῶν
1356 2203 1471 2287 ἀρετῶν
1486 2209 1524 2267 τά
1634 2221 1635 2230 ’

310 2324 462 2386 κάλλιστά
484 2345 517 2384 τε
539 2325 593 2382 καί
615 2324 781 2402 τιμιώτατα
803 2319 845 2392 ὑς
871 2321 902 2386 ἐν
930 2321 1044 2404 ἀγγείῳ
1070 2326 1126 2384 τινί
1152 2331 1190 2405 τῇ
1216 2319 1325 2384 όαυτοῦ
1352 2326 1437 2406 ψυχῇ
1463 2325 1523 2384 θε-

310 2446 488 2522 σαορίσαντι
509 2443 563 2500 καί
585 2439 742 2519 δυναμένην
763 2441 910 2520 πηγάζειν
929 2443 968 2502 τά
989 2448 1043 2522 τῆς
1057 2439 1261 2511 διδασκαλίας
1282 2440 1404 2502 ἐκεῖθεν
1420 2439 1527 2526 ἀφθό-
1634 2453 1635 2508 ί

308 2578 366 2629 νιος
389 2554 525 2640 ῥεόματα
551 2559 606 2618 καί
628 2558 728 2638 ψυχάς
748 2557 937 2637 παρακαλῶν
969 2558 1162 2628 καταδὺνυυς
1193 2563 1248 2620 καί
1270 2559 1397 2641 βοηθεῖν
1419 2555 1527 2632 αὑταῖς
1624 2627 1630 2637 ,

307 2675 388 2758 εἰπερ
410 2697 454 2746 τις
476 2673 571 2744 ἄλλος
593 2661 964 2756 θαυμασιώταταπράξει
985 2679 1175 2757 πιστουμόνιρ
1197 2675 1267 2744 εοὺς
1290 2684 1343 2758 τῆς
1365 2677 1524 2740 διδαυκα-
1634 2683 1635 2760 φ

304 2795 373 2862 λίας
394 2793 518 2868 λόγους.
541 2789 605 2852 ἐπεί
626 2787 652 2851 δ’
675 2787 707 2862 ἐζ
722 2787 841 2852 ἐκείνου
855 2796 909 2854 καί
924 2796 1016 2876 μέχρι
1031 2801 1085 2856 τοῦ
1100 2801 1151 2856 νῦν
1166 2788 1223 2855 οὑκ
1239 2791 1379 2877 ἀπηλθεν
1402 2793 1446 2866 εἰς
1466 2797 1524 2880 τὴν

309 2909 476 3000 ἐκκλησίαν
492 2907 596 2996 αὑτοῦ,
612 2911 664 2969 διά
678 2929 761 2979 τινας
777 2907 986 2992 ἀπισομβοίσας
1001 2911 1111 2987 αἰτίας,
1127 2909 1165 2996 ἦν
1180 2909 1258 2974 οὑτω
1271 2917 1326 2977 καί
1341 2917 1379 2977 τά
1393 2923 1447 2998 τῆς
1463 2915 1524 2976 ἐκ·

306 3029 436 3112 κληυίας
447 3028 590 3109 Πυργίου,
601 3028 683 3106 λίγιρ
697 3029 778 3108 μόνῳ
790 3035 842 3089 τοῦ
852 3027 981 3112 Ἐφέσου
991 3031 1102 3114 ταύτην
1114 3035 1308 3114 κατέχοντος,
1316 3035 1470 3116 πράγματι
1483 3033 1522 3096 δέ

303 3155 357 3210 τοῦ
371 3146 457 3220 Χίου,
471 3149 561 3227 μέχρι
583 3153 636 3206 τοῦ
658 3153 717 3204 νῦν·
739 3142 848 3225 ἀρτίως
864 3145 898 3206 δὲ
912 3150 1083 3229 πέμποντος
1096 3146 1157 3232 ἤδη
1172 3152 1255 3220 τινὰς
1270 3160 1327 3212 τῶν
1349 3149 1458 3212 ἑαυτοῦ
1473 3152 1521 3222 εἰς

301 3266 355 3348 τὴν
387 3264 467 3334 ἰδίαν
501 3260 669 3344 ἐκκλησίαν
701 3265 755 3322 καί
789 3260 851 3344 μετ’
885 3262 988 3340 ἀλίγον
1012 3265 1177 3346 μέλλοντος
1204 3265 1433 3330 ἀπελεύσεσθαι
1463 3273 1524 3330 καί

301 3378 405 3456 αὑτοῦ,
428 3383 505 3443 θεοῦ
526 3380 673 3452 διδόντος,
697 3379 741 3441 ἐτι
764 3383 1052 3468 συνδιασκεψαμένη
1074 3405 1093 3467 η
1111 3388 1269 3468 μετριότης
1291 3383 1375 3470 ἡμῶν
1392 3398 1430 3470 τῇ
1448 3392 1520 3468 περὶ
1634 3401 1635 3458 3

303 3497 397 3582 αὑτὴν
420 3495 566 3580 ὑμηγὺρει
588 3505 645 3557 τῶν
668 3493 835 3575 ἱερωτάτων
858 3495 1034 3580 ἀρχιερέων,
1056 3507 1108 3562 τοῦ
1124 3501 1324 3584 Καισαρείας,
1346 3513 1400 3564 τοῦ
1422 3503 1520 3586 Ἡρα-

301 3621 418 3691 κλείοις,
441 3623 495 3678 τοῦ
517 3613 662 3687 Κυζίκου,
686 3619 738 3674 τοῦ
760 3613 971 3696 Χαλκηδόνος,
1004 3625 1058 3678 τοῦ
1079 3616 1192 3700 Βιζῦης
1214 3624 1343 3681 καὶτοῦ
1365 3619 1518 3708 Βρὺσειος,
1634 3617 1635 3660 ν

302 3739 419 3798 δέδωκε
443 3739 497 3816 μέν
520 3732 561 3814 τιρ
586 3731 736 3812 ἱερωτάτη)
769 3733 864 3814 τούτῳ
899 3735 1105 3818 μητρυπολίτη
1128 3735 1256 3820 Ἐφέσου
1289 3739 1342 3820 τήν
1374 3741 1519 3826 τοιαύτην

303 3854 474 3935 ἀγιωτάτην
498 3851 682 3934 μητρόπολιν
705 3849 838 3929 Πυργίου
860 3847 927 3912 κατ’
951 3849 1100 3914 ἐπίδοσιν.
1128 3848 1174 3915 ἐπί
1195 3853 1286 3916 πλέον
1309 3855 1343 3916 δέ
1364 3877 1516 3939 προνοου-
1634 3907 1635 3910 ¹

303 3979 379 4055 μένη
411 3983 469 4034 τῶν
501 3967 721 4054 εὑρισκομένων
756 3966 821 4030 ἐκεῖ
852 3975 956 4052 ψυχῶν
984 3976 1037 4032 καὶ
1059 3980 1113 4054 τῆς
1139 3969 1182 4040 εἰς
1203 3975 1238 4034 τῦ
1271 3973 1383 4054 μέλλον
1417 3973 1517 4042 αὑτῶν
1634 3991 1635 4056 1

303 4090 477 4176 ἀσφαλείας
499 4091 699 4173 φροντίζουσα
722 4088 821 4145 τάττει
842 4085 897 4147 καὶ
920 4085 1129 4172 ἀποφαίνεται,
1152 4086 1194 4160 ὥς
1211 4087 1247 4151 ἀν
1262 4093 1315 4152 καί
1336 4102 1396 4163 πῶς
1419 4091 1517 4176 ἀμπ’
1634 4065 1635 4134 3

302 4205 394 4271 αὑτὸν
417 4205 639 4290 μητρυπολίτης
661 4202 789 4286 Ἐφέσου
811 4205 932 4286 κατέχη
954 4207 1066 4287 ταύτην
1089 4205 1253 4279 ἐπιδόσεως
1276 4210 1368 4292 λόγῳ,
1392 4205 1452 4293 οὑχ
1474 4209 1516 4284 εἰς

299 4327 380 4390 ἰδίαν
403 4323 580 4405 ἐπισκοπὴν,
603 4318 669 4382 ἀλλ’
692 4318 733 4390 ὑς
755 4321 947 4402 μητρόπολιν,
970 4319 1126 4408 ἡνωμένην
1149 4329 1183 4388 δέ
1198 4325 1275 4388 εἶναι
1293 4338 1330 4409 τη
1353 4337 1408 4411 τῆς
1423 4327 1515 4414 Ἐφέ·

303 4467 358 4510 σου
381 4442 564 4527 μητροπόλει
587 4444 641 4500 καί
664 4434 710 4522 ὑφ’
733 4437 776 4502 ἐνί
797 4442 916 4520 ποιμένι
938 4437 1113 4524 ἀμφοτέρας
1138 4446 1367 4524 ποιμαίνευθαι.
1402 4443 1448 4508 ότι
1478 4448 1513 4509 δέ
