3256 5272
103 499 209 585 κυλλῇ
234 502 290 564 καί
316 501 371 584 βίη
395 508 450 567 τοῦ
477 499 576 587 Ἀγεηρ
602 500 805 586 Ἀμηρτεκιν,
838 498 898 564 ἀπὸ
929 503 1086 586 ζητήσεως
1110 510 1164 567 τοῦ
1190 506 1327 569 τοιούτου

101 621 280 703 τροσείτου,
302 624 358 684 καί
378 611 431 684 διὰ
453 623 488 684 τύ
509 621 691 684 κινδυνεύειν
718 621 760 705 μη
782 601 978 706 δελησαντος
1001 619 1115 705 δμδσαι
1142 622 1328 690 είκοσιτύντε

100 741 271 822 ιρδσιετα,
298 735 526 824 τύορκὴσαντος
551 740 586 802 δί
610 743 665 803 καί
691 737 858 803 ἀκινδύνων
883 741 937 802 καί
962 735 1061 804 αύτῦν
1087 720 1328 826 ττρισεεδίντοιν.

101 856 200 920 Mu
222 879 269 920 τοι
290 862 346 921 καί
372 857 477 943 ίτειδή
498 859 694 941 τολοτρῦκας
720 861 775 921 καί
797 855 949 943 ἀριδηλυς
971 855 1189 924 ἀτοδίδεικται
1210 859 1327 946 δΗορ-

100 978 174 1052 γίου
197 973 243 1046 εἰς
266 973 356 1048 ούδύν
375 987 433 1040 τῦν
454 977 599 1040 τοιούτων
614 973 1032 1060 αἰτιαμάτεινάλισκῦμτνυς,
1056 974 1207 1060 ἀδᾳοῦοα
1221 987 1328 1044 τοῦτον

103 1095 280 1167 ωνοδικῦς
306 1091 327 1180 ἡ
355 1099 514 1180 μετριῦτης
539 1091 626 1180 ἡμῶν
651 1105 746 1179 κοινῇ,
767 1093 931 1178 διασκῖρει
955 1099 1010 1158 καί
1036 1099 1143 1180 γνιύμη
1173 1107 1231 1160 τῦν
1260 1103 1329 1184 τερί

101 1211 201 1298 αὐτὴν
235 1212 405 1296 ἱερωτάτεεν
438 1211 619 1298 ἀρχιερίυν,
653 1221 707 1276 τοῦ
734 1212 891 1297 Σάρδεσιν,
923 1223 977 1277 τοῦ
1004 1213 1112 1300 Σίδης,
1146 1213 1199 1280 τοό
1223 1216 1325 1302 Ἀμα-

99 1339 203 1405 οείας,
227 1341 282 1396 τοῦ
304 1333 457 1408 Πισιδίας,
480 1341 534 1396 τοῦ
545 1332 718 1416 Κορίνθου,
741 1341 794 1396 τοῦ
816 1333 998 1417 Δυρραχίου,
1021 1342 1075 1396 τοῦ
1089 1333 1248 1412 Μαδύτονν,
1271 1345 1326 1401 τοῦ

99 1449 322 1534 Ἀμύστριδσς,
345 1460 399 1517 τοῦ
420 1449 606 1536 Μηθύμνης,
629 1459 683 1516 τοῦ
703 1449 822 1534 Ἀτρυ,
842 1459 898 1514 τοῦ
918 1452 1050 1536 Βάρνης,
1073 1453 1250 1531 τοῦΓοίνοο,
1272 1465 1328 1520 τοῦ

100 1568 256 1653 Βιτζίνης,
278 1578 332 1632 τοῦ
350 1569 480 1656 ΔΖιχνιῖν,
503 1577 557 1632 τοῦ
579 1568 666 1644 Χίου,
688 1577 741 1632 τοῦ
764 1569 899 1652 Δρούμας,
921 1577 975 1633 τοῦ
996 1569 1138 1648 Τενέδου,
1160 1579 1214 1636 τοῦ
1236 1572 1327 1638 Καλ-

101 1689 295 1760 λιουκύλειες-
317 1691 372 1752 καί
397 1697 451 1752 τοῦ
474 1684 646 1773 δοτοψηρίου
667 1687 901 1773 Μοντμβαοίας,
923 1691 1166 1773 παρακελεύεται
1191 1697 1327 1775 μετιίναι

101 1803 196 1872 αάτῦν
219 1815 264 1875 τὰ,
280 1816 335 1892 της
350 1808 470 1880 οἰκείας
486 1805 723 1893 ἀρχιερωσύνης,
746 1807 778 1871 ίν
792 1818 831 1893 τῇ
845 1805 913 1871 κατ’
929 1805 1021 1872 αύτῦν
1036 1807 1190 1893 ίκκλησία
1204 1810 1326 1896 ίτρουρ-

100 1935 218 2005 γουντα
238 1931 295 1991 καί
314 1932 486 2010 τοιμαίνειν
512 1931 568 1990 καί
589 1928 739 2004 διεξάγειν
761 1929 796 1990 τῦ
817 1927 916 2011 λαχῦν
939 1924 1031 1992 αύτῦν
1045 1929 1172 2005 λογικὸν
1186 1935 1326 2015 τοίμνιον

100 2053 156 2108 τοῦ
179 2045 329 2129 Χριστοῦ,
345 2049 420 2131 ρησί
441 2049 501 2129 γάρ
522 2050 577 2108 καί
599 2043 616 2110 ὁ
638 2047 802 2118 θειότατος
826 2046 926 2130 πατὴρ
950 2043 1037 2132 ἡμῶν
1063 2045 1081 2111 δ
1107 2053 1204 2132 μῖγας
1225 2049 1326 2114 Βασί·

101 2163 189 2236 λειος
211 2164 244 2228 ἀν
266 2186 324 2228 τινι
346 2175 405 2229 τῶν
428 2161 521 2228 αύτοῦ
542 2168 690 2241 κανύνυν,
713 2164 755 2248 τῷ
775 2169 843 2249 τερί
857 2176 915 2229 τῦν
930 2168 1148 2250 τρεσβοτίριον,
1164 2167 1272 2240 οἵτινες
1288 2167 1327 2234 ἀκ

99 2293 160 2347 τὸν
193 2281 327 2346 ἀτίστιεν
358 2281 498 2367 ἀνάγκην
525 2278 708 2354 ὑποστάντες
740 2283 880 2368 ὤμοσαν,
910 2289 1021 2370 μηκίτι
1047 2283 1225 2377 ἱερουργεῖν,
1249 2291 1327 2372 μετα

99 2415 183 2466 ma·
208 2401 311 2477 ,me
333 2397 386 2464 σύν
408 2402 519 2472 δεκτὸς
542 2399 559 2464 δ
582 2399 658 2484 ἀνὴρ
681 2399 796 2474 ἀκτῖνος
819 2405 1064 2486 μαρτυρούμενος
1090 2409 1173 2487 καρά
1195 2413 1251 2488 τῆς
1272 2401 1326 2468 εὖ·

100 2519 233 2601 λαβείας
256 2539 315 2582 σου
337 2519 571 2602 μεταμίλεσδαι
593 2517 640 2582 ἀτί
662 2531 700 2604 τη
723 2515 851 2602 εὐκολία
871 2529 925 2582 τοῦ
941 2517 1044 2603 ὅρκου,
1067 2521 1101 2587 δν
1117 2521 1165 2586 ἀτί
1181 2531 1235 2586 τοῦ
1250 2521 1324 2587 ἀκί·

100 2659 177 2702 στου
205 2635 316 2720 ἀνδρὸς
343 2637 535 2722 ίειεμύσατο,
563 2640 717 2720 βαστάσαι
744 2641 798 2723 την
821 2639 986 2725 ίνύχληοιν
1007 2650 1060 2702 τοῦ
1084 2651 1195 2724 μικροῦ
1216 2641 1323 2706 κινδύ·

100 2777 155 2821 νοο
177 2756 297 2820 ίκείνου
319 2759 361 2842 μή
384 2759 560 2842 δυνηύτίςῖ
574 2755 648 2822 ὅθεν
671 2755 743 2822 ούδῖ
766 2759 808 2841 τῷ
830 2759 962 2842 Πυργίοο
976 2765 1239 2844 τρσκριματισμῦς
1260 2761 1327 2827 ἀστι

101 2899 147 2948 τις
169 2877 309 2949 δικαίοις,
327 2875 358 2949 ἀί
379 2874 519 2960 ἀνάγκης
542 2874 689 2960 ὀμόσαντι
711 2877 765 2940 καὶ
788 2875 999 2962 εύορκησαντι,
1023 2877 1050 2942 εἰ
1073 2885 1131 2962 γὰρ
1148 2876 1326 2963 ίκεῖνοιτην

100 2994 268 3078 ἱερωσύνην
290 2999 399 3077 τρόπον
426 3001 476 3058 τὸν
504 2995 662 3079 είρημίνον
691 2993 940 3078 ἀτοβαλλύμενυι
967 2995 1132 3077 ἀναλαβεῖν
1156 2995 1250 3081 αύτην
1271 3002 1327 3062 καί

100 3112 267 3197 ἱερουργεῖν
290 3117 564 3196 συνιχωρηδησαν,
588 3115 665 3198 τλην
687 3125 741 3198 τῆς
763 3115 916 3198 δημοσίας
934 3116 1150 3188 συνελεύσειος,
1172 3117 1273 3202 τολλη
1288 3127 1326 3202 τῇ

101 3242 155 3294 τοῦ
179 3234 304 3294 δικαίου
317 3239 477 3314 περιουσία
493 3231 683 3317 ἀνίγκλητος
698 3228 787 3303 ούτος
803 3235 1018 3318 τηρηδησιται
1034 3232 1065 3305 ἐξ
1080 3233 1220 3316 ἀνάγκης
1235 3233 1325 3318 ἀμοί-

102 3373 140 3422 ας
162 3358 218 3413 τοῦ
242 3345 336 3430 ὅρκου
364 3355 636 3434 τροχισρησαντος,
661 3347 826 3414 ἀκινδύνων
850 3373 881 3413 τε
905 3357 959 3414 καί
981 3361 1039 3413 τῶν
1069 3351 1170 3416 ἀλλον
1192 3375 1325 3436 περισυ-

101 3472 219 3532 δίντυν
241 3472 295 3531 καί
322 3464 414 3531 αὐτοῦ
442 3477 496 3530 τοῦ
521 3470 697 3551 την-αἰτίαν
720 3471 834 3541 δύντος.
864 3468 981 3555 δρείλιι
1008 3473 1110 3552 μίντοι
1137 3481 1190 3534 τοῦ
1217 3474 1326 3534 λοιτοῦ

102 3591 156 3652 καί
178 3599 243 3660 τοῖς
266 3584 323 3650 ύκύ
344 3591 398 3671 την
421 3587 496 3648 καθ’
512 3583 595 3670 ἡμᾶς
618 3587 791 3672 ἀγιιντοίτην
813 3597 867 3651 τοῦ
888 3592 967 3650 θεοῦ
990 3590 1129 3672 μεγάλης
1152 3589 1324 3674 ἀκκλησίας

101 3707 279 3791 ἱερωτάτοις
301 3704 493 3789 ἀρχιερεῦσιν
515 3703 762 3789 ἀνεριδρτῖσδαι,
786 3709 831 3768 ἔτι
854 3729 885 3768 τε
908 3711 962 3769 καί
984 3706 1013 3770 οί
1029 3705 1092 3792 μετ’
1105 3705 1196 3770 αύτόν
1211 3719 1249 3791 τη
1271 3717 1326 3772 τοῦ

104 3825 237 3908 Πυργίοο
259 3821 596 3908 ἀτικηρυχδησόμενοι,
620 3821 661 3896 ὣς
683 3830 737 3887 καί
759 3835 815 3908 τῆς
840 3827 983 3910 τοιαύτης
1012 3826 1182 3909 ἀκκληοίας
1208 3827 1249 3910 τῷ
1270 3838 1325 3912 της

104 3942 319 4025 μητροκύλεεες
340 3945 394 4004 καί
415 3943 506 4005 πάλιν
523 3947 708 4027 τιμηθείσης
723 3941 859 4024 ὀνόματι,
883 3945 991 4014 καθεὶς
1008 3945 1135 4027 εἴρηται.
1159 3942 1207 4007 ixl
1229 3949 1325 4029 τούτῳ

104 4065 162 4144 γάρ
183 4065 238 4122 καί
260 4056 280 4144 ἡ
302 4068 444 4142 παροῦσα
466 4057 599 4143 ἡμετέρα
622 4065 675 4123 καί
699 4060 844 4143 σονοδική
866 4064 972 4142 τριῖξις
988 4065 1095 4138 γίγονε
1110 4066 1165 4126 καί
1187 4061 1324 4148 ἀντεδόθη

106 4181 143 4244 δι’
165 4179 352 4266 ἀσφάλειαν,
376 4183 480 4263 μηνί
513 4176 754 4260 ἀτριλλίιρ,
786 4179 864 4262 ίνδ.
900 4179 941 4242 ια’
973 4181 1002 4254 †.
