3282 5270
307 251 370 314 488

306 439 360 498 καί
392 437 466 518 πρός
498 435 532 500 τό
554 445 688 518 κρεῖττον
711 432 874 506 ἐπιδόσεως
897 441 949 498 τού
972 437 1176 518 μοναστηρίου
1197 434 1251 494 καί
1275 439 1330 515 τῆς
1361 431 1434 513 πρός
1464 429 1510 512 την

307 557 448 640 τοιαύτην
462 553 712 620 Ἀποκαύκισσαν
734 556 858 630 δόσεως,
879 556 990 628 καδδς
1012 555 1202 643 συντρύνησε
1225 545 1287 634 μοι’
1310 546 1415 636 αὐτῆς,
1436 546 1510 630 εύρί-

306 692 418 756 ακηται
440 669 484 758 ἂρ’
508 669 568 755 όριρ
591 681 647 756 τῆς
667 669 760 736 αὐτού
783 677 861 756 ζωῆς
883 669 900 736 ό
922 675 1102 756 τιμιώτατος
1124 665 1212 740 οότος
1229 677 1286 752 κύρ
1301 668 1458 738 Διονύσιος
1473 663 1511 736 τὶς

305 789 357 872 τήν
379 787 580 874 ἡγουμενείαν
601 799 655 874 τῆς
676 791 818 874 τοιαύτης
841 799 944 873 μονῆς,
967 793 1021 856 καί
1043 788 1104 872 ἔχη
1126 788 1179 871 την
1201 787 1340 870 κατοχὴν
1361 789 1417 848 καὶ
1437 784 1511 846 διοί-

304 926 395 990 κησιν
418 904 510 992 αύιης
533 907 759 991 ἀμεταστάτως,
794 910 870 990 μετὰ
891 909 927 971 δά
949 909 1003 992 τήν
1026 902 1118 970 αύτού
1141 905 1305 988 ἀποβίυσιν
1339 899 1513 986 εὑρίσκηται

303 1027 393 1088 πάλιν
415 1029 449 1088 τύ
472 1029 674 1110 μοναστήριον
691 1022 752 1090 ,ύπό
774 1027 829 1111 την
848 1027 1072 1110 πατριαρχιιιὴν
1094 1023 1245 1100 ἀζουσίαν,
1272 1019 1349 1086 ὅθεν
1372 1019 1510 1106 όρείλου-

301 1164 347 1206 σιν
369 1139 390 1206 δ
402 1163 435 1208 τε
456 1147 684 1228 προηγούμενος
706 1148 760 1208 καί
782 1142 812 1206 οἱ
827 1142 891 1208 ἐκεῖ
904 1148 1037 1227 μοναχοί
1052 1141 1230 1206 ἀποδιδόναι
1252 1137 1336 1222 αύτῷ
1349 1141 1405 1222 τήν
1419 1159 1512 1222 προσ-

302 1263 439 1344 ήκουσαν
462 1262 556 1345 τιμὴν.
571 1260 625 1324 καὶ
647 1259 825 1330 εὐπείθειαν
845 1266 900 1326 καί
923 1258 1055 1326 ὑπείκειν
1082 1256 1180 1342 αότιρ,
1206 1257 1320 1346 δρυός
1347 1255 1385 1322 ἀν
1408 1256 1512 1340 μύλλοι

299 1379 399 1456 λίγιιν
432 1375 533 1451 αύτυίς
559 1382 612 1442 καί
634 1379 841 1464 εἰσηγεῖσθαι,
875 1377 1028 1466 ἀφορῶσιν
1051 1377 1094 1452 είς
1116 1378 1302 1442 λοσιτίλειαν
1328 1373 1431 1440 αότιῖιν
1462 1379 1514 1436 καί

299 1495 434 1559 ἐπίδοσιν
467 1507 523 1560 τῶν
555 1500 738 1580 προσόντων,
751 1508 789 1581 τη
822 1499 947 1580 τοιαύτη
981 1498 1135 1580 σεβασμίιγ
1167 1507 1254 1580 μονῇ·
1287 1490 1363 1558 τίδ’
1388 1493 1465 1561 ἴοις
1496 1490 1512 1554 ό

297 1615 524 1698 προηγούμενος
556 1609 645 1686 ούτος
677 1611 734 1678 ούκ
768 1616 873 1678 ίδίλει
906 1617 959 1700 την
992 1612 1191 1699 δρτιλομύνην
1224 1610 1306 1696 αύτῷ
1337 1608 1513 1674 εὐπείθειαν
1607 1657 1608 1666 ,

300 1733 489 1810 ἀποδιδόναι,
512 1731 593 1797 ἀλλὰ
615 1745 722 1818 χωρεῖν
749 1733 792 1806 εἰς
820 1731 966 1819 ὀχλήσεις
990 1738 1044 1797 καί
1070 1734 1243 1809 σκάνδαλα,
1276 1729 1304 1794 εὶ
1335 1735 1390 1814 μλν
1424 1725 1511 1792 οὐδὲν

298 1851 481 1935 ἀπεκείρατο
514 1855 595 1915 κατὰ
628 1853 782 1936 μοναχυύς
815 1851 847 1915 ἀν
880 1865 917 1938 τη
939 1855 1064 1937 τοιαύτη
1088 1863 1176 1937 μονῇ,
1210 1849 1294 1936 ἔχειν
1320 1849 1429 1915 ἄδειαν
1463 1851 1512 1910 τόν
1609 1839 1610 1848 ’

297 1977 433 2033 τοιοῦτον
451 1971 692 2055 ’καθηγούμενον
714 1979 771 2052 κύρ
793 1969 950 2035 Διονύσιον
972 1968 1133 2052 ἐκβάλλων
1158 1967 1250 2033 αὐτόν
1274 1971 1329 2032 ’τού
1351 1987 1511 2052 μοναστη-
1611 1984 1612 2040 ί

297 2060 423 2171 pion-'21
444 2091 478 2150 δύ
501 2087 532 2152 ἐν
556 2086 636 2172 αὐτῷ
656 2090 871 2172 περιεβάλλετο
894 2093 932 2154 τὰ
954 2101 1011 2152 τῶν
1034 2099 1187 2172 μοναχῶν,
1204 2085 1363 2173 ἀναρίρτιν
1385 2090 1423 2148 τὰ
1446 2089 1514 2168 περί

299 2203 391 2270 αότού
413 2208 499 2270 τόνδε
521 2209 572 2270 τόν
594 2209 830 2291 καθηγούμενον
853 2219 890 2291 τη
909 2203 997 2291 ,ἡμῶν
1020 2211 1191 2291 μετριότητι
1212 2212 1267 2270 καί
1282 2208 1426 2284 γίνισόαι
1441 2201 1512 2286 παρ’

298 2322 390 2388 αύτού
412 2327 464 2409 τὴν
486 2329 701 2410 προσῄκουσαν
723 2327 897 2408 διόρθωσιν.
936 2325 1051 2410 όρείλει
1072 2327 1107 2390 δὲ
1129 2327 1249 2390 διδόναι
1274 2321 1363 2395 οὗτος
1390 2327 1446 2385 καί
1480 2325 1513 2386 τό

300 2445 616 2525 αἰνηδεςκανονικύν
638 2447 691 2506 καί
712 2446 746 2508 τὸ
768 2449 926 2508 κανίσκιον
948 2443 992 2516 εἰς
1007 2447 1041 2506 τό
1056 2445 1275 2528 πατριαρχικύν
1293 2443 1416 2510 κελλίον
1438 2445 1471 2520 γ.

412 2583 413 2588 ¹
514 2603 726 2728 omnivm.¹
743 2630 981 2707 (οταν-ινιτ)
1002 2579 1299 2692 διανίσταται
1345 2609 1347 2614 ‘

636 2770 741 2824 Εσαίαε
755 2773 901 2824 monachus
919 2773 1172 2827 excommunicatur.

385 2921 404 2995 †
441 2917 731 2999 Καδαίρεσις
767 2923 842 2983 τού,
879 2923 1081 3000 μοναχού
1113 2912 1291 2980 Ἡσαΐου
1323 2925 1397 2978 τού
1430 2913 1515 2978 ἀπό
1616 2979 1618 3010 3

300 3045 375 3121 τῆς
401 3045 537 3120 μονῆς
569 3042 642 3098 τού
664 3033 931 3118 Πρυδρόμου
958 3037 1067 3117 μετά
1093 3031 1265 3118 ἀπάτης
1293 3035 1514 3100 διακόνου

299 3159 546 3238 γιννομάνυυ
577 3157 608 3232 †.

351 3278 403 3350 ··†
417 3271 504 3356 Ιλίηνί
524 3272 688 3355 ὶανυυαρίηι
709 3270 765 3334 ίνδ.
789 3269 824 3348 γ’,
845 3275 1086 3355 προκαθημένου
1109 3280 1162 3336 τού
1178 3277 1413 3351 παναγιυτάτοο
1427 3269 1515 3356 ἡμῶν

300 3366 458 3466 δεσπότου,
492 3399 544 3453 τού
567 3390 778 3472 οίκουμενικοδ
799 3395 1001 3474 πατριάρχου,
1037 3393 1288 3475 υονιδριαζόντυν
1319 3404 1357 3478 τη
1390 3391 1515 3474 μεγάλη

299 3509 452 3594 ἁγιωσύνῃ
476 3505 569 3574 αότού
591 3512 645 3572 καί
667 3506 833 3590 ἱερωτάτυν
857 3507 1024 3592 ἀρχιερίυιν
1045 3515 1099 3574 καί
1118 3507 1296 3596 ύπτρτίμιιν,
1319 3518 1372 3573 τού
1386 3509 1513 3574 Καιαα·

299 3633 391 3712 ριίας,
415 3637 469 3692 τού
489 3626 628 3713 Ἐράσυυ,
651 3635 704 3688 τού
726 3625 922 3708 Ἡρακλείας,
944 3637 998 3690 τού
1019 3628 1169 3706 Κυζίκου,
1195 3641 1249 3695 τού
1272 3629 1512 3714 Φιλαδελφείας,

300 3755 353 3810 τού
374 3745 518 3823 Νικαίας,
542 3754 595 3810 τυδ
617 3745 833 3830 Χαλκηδόνος,
854 3753 908 3814 τοό
929 3745 1214 3832 Ποντοηρακλείας,
1237 3758 1290 3812 τού
1312 3745 1512 3824 Λαοδικείας,

300 3872 354 3940 τού
374 3863 498 3945 Μύρων,
531 3871 584 3928 τού
610 3861 892 3945 Τραῑανουτόλιυς,
925 3873 979 3928 τού
1003 3855 1158 3948 Βρύστεῖις,
1191 3874 1244 3929 τού
1270 3865 1425 3955 Ἀθηνῶν,
1459 3873 1515 3942 τού

297 3979 538 4064 ’Τραπιζούντος
561 3990 614 4045 τοῦ
635 3980 740 4070 Αἴνου,
762 3989 815 4045 τού
830 3979 1035 4064 Ἀμάστριδος
1056 3987 1110 4046 καί
1132 3991 1185 4046 τού
1200 3983 1413 4062 Σωζοπόλεως,
1437 3984 1513 4048 ἀλα·

298 4101 445 4186 λήδησαν
467 4098 632 4188 αἰτιάματα
654 4103 736 4163 κατά
757 4119 843 4164 τινων
865 4110 923 4162 τόν
946 4098 1080 4184 ἀπάτης
1106 4111 1201 4185 μονῆς
1227 4111 1279 4166 τού
1305 4109 1405 4188 τιμίου
1427 4105 1511 4188 Προ-

299 4221 414 4302 δρόμου
440 4227 494 4300 τῆς
520 4215 735 4302 ἀπολιγομίνης
762 4229 816 4302 πῑγς
838 4217 958 4302 Πάτρας
984 4229 1142 4302 μοναχῶν,
1170 4219 1220 4306 ἀρ’
1246 4219 1286 4284 ύν
1315 4219 1394 4306 ἦσαν
1420 4225 1475 4292 καί
1496 4218 1513 4284 ό

301 4341 438 4422 μοναχύς
450 4333 577 4411 Ἡσαΐας
591 4342 645 4403 καί
659 4334 893 4420 όΜερκούριος,
917 4339 990 4400 τάδε
1003 4337 1169 4422 αἰτιάματα
1181 4338 1260 4425 ἦσαν
1275 4349 1379 4404 ταῦτα·
1397 4338 1439 4412 ύς
1454 4337 1512 4408 ἀπό

300 4465 352 4540 τῆς
368 4459 510 4542 τοιαύτης
522 4464 617 4541 μονῆς
632 4453 648 4520 ό
664 4459 801 4540 μοναχύς
812 4454 945 4539 Ἱλαρίων
962 4454 1120 4522 ἀπώλεσεν
1130 4455 1284 4543 ύπίρπυρα
1298 4457 1359 4522 ἀπό
1371 4467 1425 4524 τού
1436 4461 1512 4534 κελ-
