3282 5270
108 531 177 598 χας,
213 511 249 577 οὑ
271 517 331 598 γὰρ
352 516 447 599 ρόβος
470 523 614 590 τοιοῦτος,
638 525 691 600 της
714 479 799 598 ἱεράς.
817 515 937 598 δηλαδή
959 519 1053 578 νόσου
1073 525 1111 598 τη
1134 526 1192 577 τῶν
1215 525 1325 598 τριχῶν

108 637 220 696 πταίσει
253 639 444 716 περιγίνεται.
478 637 590 696 τούτων
613 631 691 697 οὑτω
713 635 914 717 λαληθέντων
935 633 951 697 ό
974 637 1167 718 πατριάρχης
1189 632 1251 696 εἶπε
1285 634 1328 715 τᾷ

108 759 161 814 τοῦ
175 751 343 816 Βασιλείοο
357 756 456 834 πατρί.
479 749 535 827 ότι,
546 752 613 828 .ϊδε,
637 749 781 837 οόδιμίαν
797 752 896 815 αἰτίαν
913 752 1006 836 ἔχεις,
1021 747 1099 815 ὑοτε
1115 753 1258 816 διαλῦσαι
1273 755 1327 836 τὴν

107 868 157 933 έπί
189 871 232 954 τῷ
252 873 297 954 σῷ
317 869 370 953 υίιρ
395 874 471 954 μετὰ
494 881 547 956 της
569 873 843 957 τοιαύτηςπαιδός
867 879 1044 957 μνηστείαν·
1079 871 1107 934 οἱ
1139 875 1173 935 δέ
1208 874 1327 958 ορύδρα

107 986 293 1062 ἀντίκειντο,
315 989 369 1071 την
390 989 527 1052 διάλυσιν
550 988 730 1073 αἰτούμενοι,
755 991 821 1053 εἶτα
841 987 998 1074 ἠρώτησεν
1017 987 1036 1075 ἡ
1054 991 1189 1066 σύνοδος,
1205 993 1325 1076 ποταπὴ

31 1141 34 1145 -
107 1113 259 1192 μνηστεία
277 1105 420 1184 -έγένετος
434 1113 495 1172 -ιιαί
514 1109 610 1185 εἷπον,
625 1107 680 1174 ,ὅτι
700 1119 754 1173 τοῦ
770 1109 872 1194 ἱερέως
887 1113 1056 1182 σταθέντος
1079 1109 1253 1194 ἔμπροσθεν
1276 1121 1329 1174 τοῦ

106 1224 338 1290 είκονοστασίου
369 1225 425 1288 καὶ
457 1227 604 1308 βαλόντος
635 1227 851 1314 ὑπιτραχίγλιον
884 1232 937 1290 καί
970 1231 1235 1312 μνημονεύσαντος
1269 1241 1326 1294 τῶν

106 1343 336 1424 βασιλέωνόιαί
358 1351 412 1420 τοῦ
432 1349 625 1430 πατριάρχου
646 1351 703 1418 καί
722 1343 818 1431 εόχήν
841 1346 978 1418 εἰπόντος
1001 1345 1049 1410 ἐπὶ
1082 1353 1230 1431 μνηστείη
1257 1345 1326 1424 ἐγέ-

105 1483 185 1536 νετο·
197 1462 333 1548 ἀλλαγη-
344 1463 522 1542 ίγκολτίων.
547 1464 753 1550 ἐρωτηθίίτες
764 1487 829 1528 ουν
845 1469 986 1550 συνήθως
1002 1465 1032 1528 οἱ
1046 1465 1203 1548 ίιριύτατυι
1219 1465 1328 1548 άμχιε·

104 1593 177 1665 ρείς,
201 1589 268 1646 τίνα
290 1589 411 1669 γνώμην
435 1585 542 1668 έχουσι
562 1585 632 1668 περὶ
645 1596 706 1670 της
727 1587 871 1668 τοιαύτης
893 1581 1084 1660 ὑποθέσεως,
1101 1585 1166 1647 ἐπεὶ
1188 1583 1329 1662 ἀναγνοί-

105 1721 184 1785 στης
216 1700 293 1786 ἠνὺ
315 1703 482 1774 Βασίλειος
499 1707 554 1767 καί
579 1705 727 1787 κληρικός
754 1713 807 1787 τῆς
831 1683 970 1788 μεγάλης
991 1703 1176 1788 ὲκκλησίας;
1209 1701 1330 1788 ἀπερή-

104 1841 209 1898 ναντο,
245 1819 294 1884 ὅτι
313 1822 340 1884 εί
364 1826 419 1906 μέν
441 1823 533 1902 λάβοι
555 1824 773 1906 τηντυιαύτην
796 1825 955 1904 θυγατέρα
978 1831 1030 1886 τοῦ
1053 1821 1157 1905 ἱερέως
1172 1831 1225 1886 τοῦ
1241 1821 1329 1898 ίίαγ·
1368 1901 1370 1906 ⁸

106 1943 234 2020 κρατίυυ
255 1939 298 2010 είς
321 1951 450 2016 γοναίκα
465 1944 553 2017 κατὰ
575 1943 628 2025 τὴν
650 1941 687 2025 ἣν
710 1939 892 2024 έηυιησαντο
916 1947 1095 2025 μνηστείαν,
1129 1937 1225 2010 οὑτως
1248 1939 1327 2004 ἀνα·
1421 1971 1423 1976 r

105 2059 263 2141 χθόσεται
284 2063 338 2120 καί
360 2058 403 2129 εἰς
425 2061 458 2120 τό
481 2069 535 2142 τῆς
558 2059 720 2144 ἱερωσύνης
744 2059 870 2142 ἀξίωμα·
895 2058 921 2121 εὶ
943 2059 977 2121 δὲ
1000 2065 1053 2121 τού
1068 2060 1206 2122 τοιούτου
1222 2081 1326 2121 συνοι-

106 2181 214 2238 κεσίσυ
247 2178 447 2247 διαλυθέντος
468 2175 575 2259 ἑτέραν
603 2175 691 2249 οὑτος
720 2177 883 2256 ἀγάγοιτυ,
911 2174 1056 2240 οὐδέποτε
1079 2176 1125 2239 ἐπί
1153 2178 1205 2260 την
1239 2177 1326 2258 ἱερω-

106 2297 199 2380 σύνην
221 2299 517 2382 προβιβασθήσεται.
541 2295 606 2380 εἶχε
631 2301 685 2378 μὲν
709 2293 787 2358 οὑτω
811 2305 915 2358 ταῦτα.
940 2295 1004 2356 εἶτα
1027 2303 1080 2357 τοῦ
1095 2299 1326 2371 παναγιωτάτοο

106 2411 193 2497 ἡμῶν
216 2417 374 2491 δεσπότου,
397 2425 450 2478 τοῦ
466 2415 678 2498 οίκουμενικοό
692 2412 966 2500 πατριάρχου,·έπὶ
981 2416 1030 2476 τόν
1050 2409 1166 2497 ὑψηλόν
1190 2423 1241 2496 της
1263 2433 1324 2474 ιτα-

105 2539 285 2616 τριαρχείας
308 2533 530 2604 ἐπανελθόντος
552 2537 673 2614 θρόνον,
701 2531 806 2614 ἑτέραν
829 2529 1020 2612 ἀγαγόμενος
1044 2529 1060 2593 ό
1083 2531 1245 2600 Βασίλειος
1269 2551 1323 2607 γυ-

103 2661 197 2714 ναῖκα
219 2655 273 2714 καί
294 2651 401 2715 λαθείν
423 2656 477 2714 καί
499 2649 660 2735 ἀπατήσας
680 2653 797 2720 πάντας
812 2647 1035 2734 ἐχειροτονήθη
1056 2651 1210 2724 διάκονος,
1234 2645 1323 2712 ὑστε-

103 2791 158 2852 ρον
181 2771 216 2832 δέ
239 2775 277 2834 τά
298 2775 365 2853 περὶ
386 2779 440 2854 τῆς
460 2767 637 2839 ὑποθέσεως
659 2771 769 2852 μαθων
788 2765 1050 2844 ὑπαναγιώτατος
1064 2771 1213 2852 δεσπότης
1228 2765 1324 2852 ἡμῶν,

107 2888 126 2954 ό
150 2889 362 2974 οίκουμενικός
382 2893 584 2973 πατριάρχης,
607 2896 713 2952 τοῦτον
736 2893 791 2972 μὲν
813 2887 924 2971 ἐπέσχε
948 2899 1001 2972 της
1023 2889 1191 2964 διακονίας,
1216 2893 1325 2972 μέχρις
1423 2927 1429 2936 -

103 3006 141 3072 ἂν
165 3009 319 3094 ίέετασθη
342 3013 380 3071 τά
402 3017 456 3092 τῆς
481 3005 675 3083 ὑποθέσεως,
709 3009 1000 3090 μετακαλεσάμενος
1022 3007 1057 3070 δέ
1080 3012 1131 3071 τόν
1163 3007 1324 3090 ἱερώτατον

104 3129 332 3212 μητροπολίτην
352 3126 492 3208 Βρύσεως
514 3131 568 3190 καί
590 3123 748 3210 ὑπέρτερον
781 3124 919 3210 ιἠριότησε
942 3135 1062 3200 τοῦτον,
1096 3125 1122 3188 εὶ
1155 3127 1273 3189 σύνοιδέ
1297 3149 1325 3189 τι

101 3249 172 3328 περί
193 3255 246 3329 τῆς
268 3243 445 3318 ὑποθέσεως
467 3249 589 3329 ταύτης,
612 3249 665 3308 καί
687 3245 721 3315 ὃς
743 3246 913 3328 διηγήσατο
937 3243 1057 3307 ἅπαντα
1079 3249 1160 3307 κατά
1177 3243 1227 3308 τόν
1243 3243 1321 3336 ανα-

101 3369 313 3448 γεγραμμάνον
335 3368 454 3448 τρόπον,
477 3359 557 3436 ὅπως
579 3365 879 3447 ποιρηκυλούθησεν,Ι
892 3361 935 3434 είς
957 3361 998 3426 ὢν
1020 3369 1073 3426 καί
1089 3361 1180 3435 αὑτός
1195 3375 1252 3426 των
1268 3375 1322 3449 της
1411 3399 1415 3408 ·

102 3486 232 3547 συνόδου
255 3482 374 3566 ἐκείνης
397 3482 573 3567 ἀρχιερέων,
597 3483 662 3545 εἶτα
677 3481 853 3566 ἐρωτηθείς,
877 3481 904 3544 εί
925 3482 1097 3564 καίὲτερός
1119 3504 1164 3552 τις
1187 3493 1243 3544 τῶν
1269 3479 1320 3546 εὑ-

100 3608 289 3687 ρισκομένων
305 3601 336 3664 ἐν
352 3613 389 3686 τη
404 3605 640 3685 θεομεγαλόντιρ
656 3602 973 3686 Κωνσταντινουπόλει
994 3609 1044 3662 νῦν
1069 3598 1236 3682 ἀρχιερέων
1252 3604 1321 3663 τότε

100 3731 201 3805 παρῆν
235 3722 267 3783 έν
297 3731 342 3803 ιη’
368 3721 495 3802 συνόδιρ,
529 3721 602 3796 εἷπε,
625 3723 676 3783 τόν
703 3719 864 3804 ἱερώτατον
892 3719 1114 3803 μητροπολίτην
1136 3717 1320 3801 Ἡρακλείας

102 3837 282 3922 εὑρεθῆναι,
305 3839 339 3910 ὃς
360 3843 414 3902 καί
437 3843 584 3922 μηνυθείς
606 3842 837 3920 παραγενέσθαι
865 3843 918 3920 μὲν
943 3839 1078 3900 ὲνταυθα
1101 3834 1157 3899 οὐκ
1181 3837 1318 3914 ἐδύνατο,

103 3958 241 4042 ἀσθενὴς
264 3957 313 4034 ὧν,
330 3957 463 4040 ἰμήνυσε
476 3959 509 4020 δέ
527 3961 703 4040 μεμνῆσθαι
719 3963 773 4020 καί
789 3956 913 4046 ἐκεῖνον,
929 3959 1070 4041 τοιαύτην
1088 3954 1236 4020 ὑπόθεσιν
1259 3959 1318 4019 λα·

99 4080 236 4161 ληθηναι
257 4081 325 4138 τότε
348 4076 396 4138 ὑπί
418 4083 470 4138 τού
493 4079 681 4158 πατριάρχου
714 4085 772 4159 κόρ
793 4077 979 4150 Καλλίστου,
1013 4079 1053 4158 μη
1082 4081 1184 4158 μέντοι
1208 4081 1319 4152 γεκαὶ

99 4201 150 4259 τόν
166 4195 328 4278 ἄνθρωπον
343 4195 465 4269 εἰδέναι,
489 4192 591 4264 όποῑός
616 4193 679 4255 ἐστι
701 4191 717 4254 ό
741 4193 919 4278 ἒπισχεθείς
943 4195 983 4276 μή
1006 4171 1254 4276 προβιβασθηναι
1270 4191 1325 4256 ἐπὶ·

99 4319 149 4378 τόν
184 4324 237 4398 τῆς
260 4311 432 4396 ἱερωσύνης
457 4315 587 4395 βοθμόν.
622 4309 638 4375 ό
661 4321 734 4390 γοῦν
755 4317 986 4389 παναγιοίτατος
1001 4309 1094 4394 ’ἡμῶν
1117 4315 1277 4396 δεσπότης,
1299 4311 1318 4378 ό

99 4433 311 4516 οὶκουμενικός
332 4435 534 4517 πατριάρχης,
558 4429 849 4515 μετακαλεσάμενος
864 4435 915 4494 καί
930 4430 1049 4514 ἑτέρους
1065 4433 1119 4494 δύο
1136 4431 1316 4513 ἱερωτάτοος
1382 4429 1384 4432 ’

95 4550 247 4635 ἀρχιερεῖς
271 4555 323 4613 καί
345 4547 535 4633 ὑπερτέρους,
552 4555 601 4613 τόν
626 4549 753 4634 ’Ἐρέσου
776 4555 829 4612 καί
857 4553 905 4612 τόν
929 4551 1207 4621 ’λδοιανουτολιως
1243 4572 1312 4614 κοι-
