3282 5270
341 237 404 300 512

341 431 444 510 μείας,
476 425 618 510 Μάρκος,
650 423 692 494 ὡς
714 429 853 511 φαίνεται
876 425 936 490 ἀπό
958 435 1011 491 τοῦ
1033 431 1227 514 πράγματος,
1261 429 1332 494 οὐτε
1365 437 1567 519 πατριάρχην

339 547 532 629 ’λντιοχείας
555 545 631 629 ἔχει,
654 541 724 608 οὐτε
746 525 883 622 σύνοδον,
905 544 975 610 οὐτε
997 546 1356 627 Κοινσταντινουιτόλεινς,
1393 551 1467 616 ἀλλ’
1490 553 1565 619 οὐδέ

340 665 519 749 ἐκκλησίαν.
543 662 683 747 ἐποίησεν
713 659 838 740 αὐτόθι,
872 663 931 729 ὅσα
954 663 1101 750 ἀλλότρια
1126 672 1180 730 καί
1201 670 1272 742 ξένα
1293 674 1382 733 παντί
1404 669 1562 756 ἀνθρώπῳ

340 783 518 868 χριστιανῷ,
553 781 594 854 ἀς
616 781 775 865 ἐμάθομεν
799 779 859 846 ἀπὸ
881 795 938 846 τῶν
961 795 1014 868 τής
1037 795 1094 868 σής
1116 783 1279 870 ἁγιότητος
1301 799 1436 874 γραφῶν,
1461 789 1560 874 ήλθεν
1589 797 1592 800 ’

341 902 488 977 ἐνταῦθα,
510 905 565 964 καὶ
587 899 714 983 ἐτάραξε
737 901 790 984 τήν
813 899 994 985 ἐκκλησίαν,
1017 905 1070 986 τήν
1092 907 1262 985 βασιλείαν,
1285 909 1339 990 τήν
1361 907 1559 974 Κισνσταντι·

336 1023 489 1104 νούπολιν,
513 1023 625 1104 σχεδόν
647 1024 681 1083 τό
703 1031 772 1095 πᾶν,
795 1023 964 1106 καθῃρέθη
986 1027 1068 1105 παρὰ
1091 1032 1145 1108 τής
1167 1033 1224 1108 σής
1246 1024 1410 1110 ἁγιότητος
1431 1035 1490 1092 καί
1505 1039 1556 1113 τής

337 1146 405 1224 περί
428 1138 520 1224 αὐτήν
543 1139 625 1223 ἱερᾶς
648 1139 785 1216 συνόδου,
808 1143 862 1202 καί
885 1139 1043 1226 ἀρορισμῷ
1063 1146 1305 1230 καθυπιβλήθη,
1340 1143 1395 1208 ἐὰν
1418 1148 1463 1232 μή
1487 1169 1554 1211 συν-

337 1265 437 1345 τόμους
471 1259 683 1342 ἐπαναστρέήη
717 1256 842 1334 αὐτόθι,
875 1265 929 1324 κοιί
962 1257 1031 1322 οὐδέ
1056 1260 1210 1345 ἐφρόντισε
1232 1269 1300 1344 περὶ
1325 1267 1451 1342 τούτου,
1487 1263 1553 1329 οὐδὲ

339 1381 433 1457 λόγου
454 1377 575 1462 ήίίιυστ,
599 1377 679 1440 ἀλλά
701 1382 755 1439 καί
777 1380 845 1449 τούς
868 1380 1109 1462 διακομίσαντας
1132 1379 1282 1465 ἀρχιερεῖς
1297 1387 1336 1445 τὰ
1358 1394 1492 1448 τοιαῦτα
1506 1391 1554 1449 καί

338 1494 442 1580 δβρισι
475 1501 529 1559 καί
561 1493 688 1579 ὑβρίζει,
722 1495 776 1558 καί
799 1495 869 1560 οὐδέ
891 1497 965 1559 ὐδεῑν
993 1499 1110 1574 ἐθέλει,
1137 1503 1189 1560 καί
1210 1508 1260 1562 νῦν
1286 1503 1378 1562 πάλιν
1413 1504 1552 1582 βούλεται

335 1613 388 1679 ἵνα
409 1619 463 1678 καί
485 1617 520 1676 τδ
543 1618 747 1698 μοναστήριυν
770 1616 852 1700 λάβη
875 1613 946 1698 μεθ’
969 1613 1088 1691 ἐαυτοῦ,
1121 1621 1175 1680 καί
1201 1621 1277 1701 μήτε
1299 1615 1355 1681 ἀπό
1390 1622 1442 1681 τόν
1465 1620 1551 1685 Κοιν-

337 1732 613 1804 οταντινουπόλεισς
636 1731 723 1807 εἶναι,
747 1736 822 1816 μήτε
846 1735 904 1816 μήν
927 1729 982 1796 ύπδ
1005 1736 1056 1795 τόν
1078 1733 1281 1819 Ἀντιοχείας,
1304 1733 1407 1818 ὥσπερ
1430 1739 1552 1820 μέλλεις

337 1855 450 1936 μαθεῖν
472 1855 526 1914 καί
549 1850 608 1916 ἀπό
631 1862 689 1915 τῶν
713 1863 833 1938 γραφῶν
857 1862 913 1916 τῶν
936 1851 1072 1916 ἐνταῦθα
1095 1853 1261 1938 ἀρχιερέων
1283 1862 1336 1938 τῆς
1371 1867 1430 1940 σής
1464 1856 1551 1935 ἁγιό-

336 1992 440 2056 τητος·
464 1975 497 2034 τό
519 1973 554 2035 δέ
577 1971 739 2056 χείριστον,
763 1969 836 2056 ὅπερ
858 1971 979 2057 ήκουσα
1000 1981 1061 2048 νῦν,
1085 1971 1131 2036 ὅτι
1153 1974 1295 2054 βούλεται
1314 1973 1366 2040 ἵνα
1388 1976 1474 2060 ἔλθη
1498 1974 1552 2040 αὐ-

335 2093 476 2163 τόθι,νά
499 2089 643 2174 ἀπατήσῃ
666 2087 721 2153 καὶ
743 2091 796 2172 τήν
819 2087 990 2174 ἁγιωσύνην
1013 2109 1068 2152 σου
1094 2095 1147 2154 καί
1170 2093 1223 2175 τήν
1250 2093 1376 2156 σύνοδόν
1410 2115 1485 2170 σου,
1516 2099 1551 2156 νά

268 2191 269 2194 ¹
333 2211 417 2293 λάβη
439 2211 529 2272 πάλιν
551 2211 605 2292 τήν
628 2213 821 2293 συγχώρησιν
843 2213 896 2271 καί
918 2211 972 2292 τήν
993 2215 1180 2292 προστασίαν
1195 2219 1249 2294 τῆς
1265 2221 1369 2296 μονής,
1391 2218 1448 2276 καί
1469 2211 1549 2298 εὐμί-

334 2351 447 2414 σκηται
469 2329 616 2392 ἀνταύθα
639 2334 667 2392 τί
689 2338 798 2405 ταύτα;
822 2327 999 2411 ἀνθρώπου;
1022 2337 1212 2413 χρισιιανού;
1238 2331 1386 2414 διαβόλου
1409 2332 1550 2416 ἄντικρύς

335 2449 410 2516 εἰσιν
433 2448 520 2530 ἔργα.
541 2423 605 2526 ἐγὼ
627 2450 680 2530 τήν
704 2447 826 2532 εἰρήνην
849 2448 953 2531 χρήζιο
989 2448 1043 2512 καὶ
1076 2451 1128 2532 τήν
1151 2449 1273 2535 ἀγάπην
1294 2456 1349 2514 καί
1371 2453 1426 2534 τήν
1449 2455 1551 2542 ριλύιν

334 2579 386 2651 τῆς
410 2566 580 2651 ἁγιωσύνης
603 2589 668 2644 σου,
691 2565 737 2630 δτι
761 2565 817 2630 οὐκ
840 2567 940 2639 ἄλλοις
961 2565 1045 2652 ἡμᾶς
1069 2569 1151 2652 ἔχειν
1177 2570 1232 2646 δεῖ,
1261 2571 1327 2632 ἐπεί
1348 2580 1438 2634 τοῦτο
1461 2573 1549 2634 διδά-

336 2707 465 2770 σκομεν,
488 2691 541 2749 καί
565 2687 607 2758 εἰς
631 2697 719 2749 τοῦτο
742 2684 932 2769 ἐτάχθημεν,
955 2691 1009 2749 καί
1030 2682 1121 2750 αὐτόν
1145 2688 1259 2770 ἔχομεν
1285 2689 1476 2752 διδάσκαλον
1499 2693 1549 2752 τδν
1623 2775 1624 2778 ¹

332 2806 461 2890 Χριστόν
483 2811 537 2868 καί
564 2809 640 2867 θεόν
661 2803 746 2888 ἡμῶν
770 2807 822 2887 τήν
845 2803 974 2888 εἰρήνην.
998 2811 1052 2868 καί
1074 2805 1155 2887 εἴπερ
1182 2805 1273 2868 ἔλθοι
1296 2803 1416 2882 αὐτόθι,
1451 2813 1549 2893 φέρον
1623 2825 1624 2872 ί

329 2929 451 3010 γραφὰς
472 2922 492 3008 ή
514 2927 734 3007 προστάγματα
756 2931 809 2986 τοῦ
831 2929 993 3007 κρατίστου
1016 2927 1069 2986 καί
1095 2921 1185 3002 ἁγίου
1217 2945 1276 3008 μου
1310 2921 1546 3011 αὐτοκράτορος,

332 3051 429 3128 ζητῶν
463 3047 668 3126 συγχώρησιν,
700 3041 750 3106 ἵνα
772 3045 862 3107 πάλιν
885 3041 1097 3127 ἐπαναστρέψη
1121 3041 1257 3106 ἐνταῦθα
1283 3043 1327 3116 είς
1358 3053 1547 3128 προστασίαν

332 3173 387 3248 τής
410 3171 513 3246 μονής,
538 3161 716 3246 ἀπόπεμψον
731 3158 833 3237 αὐτόν,
855 3162 911 3226 καὶ
927 3165 1068 3247 μηδόλιος
1089 3162 1227 3247 ἀκούσης
1241 3160 1346 3239 αὐτοῦ,
1368 3167 1549 3250 προξενήσει

330 3285 391 3365 γάρ
414 3282 602 3356 σκάνδαλον,
631 3281 713 3363 εἴπερ
735 3286 852 3358 γένοιτο
876 3285 969 3364 μέσον
990 3277 1089 3364 ἡμῶν,
1123 3285 1212 3364 μέγα.
1236 3279 1296 3359 ἐγιλ
1318 3283 1390 3355 τούς
1412 3282 1547 3368 ἀρχομέ-

329 3422 400 3472 νους
421 3399 558 3464 ἐνταῦθα
580 3411 633 3483 τής
655 3409 711 3482 σής
735 3398 897 3483 ἁγιότητος
918 3402 1034 3468 πάντας
1056 3403 1109 3460 καί
1133 3397 1326 3483 ἀναδέχομαι
1347 3406 1402 3463 καί
1425 3403 1544 3480 ἀγαπῶ,

329 3526 383 3584 καί
404 3518 506 3603 ἕτερον
529 3517 582 3580 ἐάν
603 3523 726 3602 πέμψῃς
749 3518 899 3592 ἐνταῦθα,
933 3515 1074 3579 κάκεῖνον
1097 3520 1151 3578 καί
1173 3515 1360 3601 ἀναδέξομαι
1387 3525 1440 3583 καί
1463 3520 1546 3600 ἀγα-

329 3645 431 3724 πήσω,
455 3639 536 3720 εἴπερ
559 3642 612 3700 καί
635 3638 795 3721 εἰρηνεύειν
819 3635 978 3719 ἐθελήσει,
1005 3639 1058 3698 καί
1081 3637 1122 3719 μή
1146 3638 1308 3719 ουγχύσεις
1331 3636 1459 3721 ἐγείρειν
1490 3645 1545 3703 καί
1623 3689 1624 3700 ,

330 3760 501 3822 σκάνδαλα.
522 3758 551 3820 εί
573 3761 631 3840 γὰρ
653 3764 789 3827 τοιοῦτος
812 3757 911 3826 κακός
933 3756 1094 3838 ἄνθρωπος
1117 3755 1285 3840 ἀναφανείη
1310 3761 1404 3840 μέσον
1427 3759 1470 3830 είς
1489 3763 1542 3845 τήν

328 3879 414 3941 πόλιν
439 3901 509 3960 μου,
544 3879 587 3950 είς
609 3881 659 3940 τόν
681 3880 794 3959 θρόνον
822 3897 893 3958 μου,
929 3878 1069 3958 μεγάλως
1096 3877 1419 3962 σκανδαλισθήσομαι,
1441 3876 1541 3962 ὥσπερ

331 3997 443 4080 ἔμελλε
465 4000 602 4080 ποιήσειν
624 4001 678 4058 καί
698 3992 718 4079 ἡ
742 3993 867 4078 ἀγιότης
889 4016 944 4058 σου
967 3994 1010 4066 είς
1032 3999 1122 4058 τόπον
1146 4017 1201 4058 σου
1223 3993 1345 4072 αὐτόθι,
1369 3999 1452 4082 είαερ
1471 4021 1541 4063 συν·
1623 4007 1624 4052 ί

330 4119 431 4196 έβαινέ
455 4137 482 4178 τι
503 4125 649 4178 τοιοῦτον.
677 4117 802 4197 ἔρρωσο,
826 4113 857 4176 ἐν
879 4114 971 4197 κυρίῳ
995 4113 1143 4192 ἁγιώτατε
1170 4115 1317 4191 δέσποτα,
1340 4119 1539 4180 ποθεινότατε
1623 4189 1624 4194 ¹

330 4235 444 4320 ἀδελφέ
465 4233 520 4296 καὶ
544 4237 753 4317 συλλειτουργέ
777 4243 830 4318 τῆς
851 4232 936 4318 ἡμῶν
959 4237 1152 4318 μετριότητος
1175 4239 1205 4312 †.

414 4353 566 4438 ήΕίχε
599 4358 674 4418 καί
706 4355 778 4416 διὰ
801 4363 875 4438 τῆς
901 4358 1054 4435 τιμίας
1084 4363 1425 4437 πατριαρχικής
1451 4375 1537 4437 χει-

329 4476 403 4554 ρός
450 4476 514 4534 τό·
560 4472 814 4549 Φιλύθεος,
863 4471 970 4552 ἐλέῳ
1020 4475 1129 4535 θεοῦ
1173 4473 1537 4556 ἀρχιεπίσκοπος
