3262 5276
1275 267 1337 328 3⁴9

112 455 171 515 καί
191 452 341 536 διάκρισιν
364 447 471 526 αότοό,
497 453 550 512 καί
573 449 602 512 τί
622 453 649 512 τι
670 449 703 513 δδ
728 450 834 534 συμβή
851 449 972 532 μεταξό,
996 449 1162 522 δάτάάστως
1188 455 1243 515 καί
1264 458 1334 536 κρί-

115 592 195 644 σεως
217 571 376 654 δεόμενον,
396 547 449 632 ίνα
469 565 540 652 παρ’
563 563 656 632 αότοῡ
678 569 716 652 δή
740 576 793 631 του
822 565 984 651 ἱιρωτάτου
1010 571 1232 653 μητροπολίτου
1252 569 1336 635 Κοί-

116 692 175 771 βοο
195 693 250 754 καί
268 695 372 775 πάσης
393 670 522 760 Ῥωαίας
543 689 671 772 δόχτσαι
699 689 751 772 τήν
774 692 873 772 κρίσιν
894 691 948 750 καί
973 688 1026 772 τήν
1047 686 1196 784 δείτασιν,
1220 687 1252 753 δν
1274 711 1336 774 μη-

75 851 77 854 -
116 809 183 874 δτνί
204 808 378 888 ἀντιλίγων,
401 810 479 893 μηδί
503 804 649 884 ἀπειθῶν,
672 809 753 870 κατὰ
775 807 829 891 τήν
851 804 1072 889 ότιιιρατοΐισαν
1087 805 1207 871 ἀνωθεν
1228 805 1260 871 ἀν
1274 818 1338 882 τοῖς

119 929 271 998 τοιούτοις
293 925 554 1011 ίιιιιληοιαστικήν
576 920 716 999 εὐταξίαν
737 927 792 988 καί
812 925 894 986 κατά
909 923 962 1007 τήν
977 913 1036 988 τῶν
1052 919 1150 988 αὐτῶν
1165 927 1260 989 θτίων
1274 945 1337 990 κα·

118 1047 214 1107 νόνων
234 1045 413 1128 παράδοσιν,
437 1038 502 1108 ἀπεί
522 1046 557 1108 δὲ
578 1047 633 1108 καί
655 1051 744 1107 τοῦτο
765 1043 1027 1126 παρακελεύονται
1049 1041 1078 1106 οἱ
1103 1041 1178 1128 ἱεροί
1199 1047 1339 1121 κανόνες,

119 1159 211 1239 ὅστε,
234 1161 347 1227 δπόταν
369 1185 418 1228 σοι
439 1169 564 1248 γενηται
586 1161 743 1253 ἀναγκαία
764 1167 857 1246 χρεία
883 1164 1009 1247 γράφειν
1034 1165 1088 1224 καί
1113 1161 1274 1250 ἀντιρόρτιν
1296 1163 1340 1259 ,τίς

119 1283 176 1368 τήν
196 1254 284 1366 ήμῷν
306 1285 499 1367 μετριότητα,
520 1291 639 1365 πρῶτον
659 1279 710 1344 ἵνα
732 1281 822 1364 διδῷς
844 1278 959 1364 εἴδησιν
980 1276 1025 1363 τίς
1045 1282 1097 1343 τόν
1117 1284 1341 1368 μητροπολίτην

122 1421 191 1476 σου,
211 1404 268 1463 καί
289 1404 366 1484 μετὰ
389 1399 664 1484 τίδήστωςιτοότοο
686 1398 741 1462 καὶ
763 1399 876 1484 βουλῆς
898 1402 1019 1484 γράρης
1040 1407 1129 1463 τοῦτο
1151 1399 1343 1487 καὶάναρά·

123 1538 192 1602 ρης·
217 1513 402 1591 ἀκολούθοις
424 1523 594 1602 στόργουσα
616 1521 655 1582 τά
668 1521 736 1602 περί
757 1519 866 1581 τούτου
883 1513 972 1602 καίή
988 1519 1148 1602 ριτριότης
1162 1513 1248 1602 ήμῶν
1262 1525 1345 1586 κατὰ

123 1639 178 1730 τήν
200 1635 336 1711 διάταξιν
357 1647 415 1701 τῶν
436 1640 575 1700 κανόνων
599 1637 858 1720 παρακιλτόεται,
884 1633 935 1698 ἵνα
962 1635 1059 1718 μηδδν
1084 1639 1211 1721 γίνηται
1236 1639 1345 1704 τούτου

7 1783 8 1786 “
101 1753 220 1819 Δδντιια
240 1759 324 1839 παρὰ
344 1756 399 1840 τήν
422 1750 516 1839 αὐτήν
538 1757 670 1840 γνώμην,
694 1752 781 1828 ἀλλὰ,
795 1741 953 1838 ἀντργήται
969 1749 1073 1831 οότιος,
1095 1755 1173 1818 διότι
1188 1754 1242 1820 δάν
1257 1755 1346 1820 οόδδν

125 1871 314 1957 ἀποπληροίς
336 1871 380 1944 τίς
401 1875 453 1936 τόν
476 1873 701 1958 μητροπολίτην
724 1892 780 1935 σοο
800 1875 883 1935 κατά
904 1872 976 1944 τοός
998 1869 1109 1945 τἰότοός
1128 1875 1236 1946 θείους
1250 1879 1348 1939 κανό·

117 2001 184 2065 ’νας
206 1993 260 2076 τήν
283 1990 458 2076 ἀνήκουσαν
480 1987 634 2077 ὁποταγήν
650 2001 855 2076 χρεωστικιὶς,
877 1996 1018 2070 γίνωσκε,
1041 1987 1088 2055 ότι
1107 1989 1348 2081 ἀναττθτιμίνος
1406 1987 1411 2016 ²

126 2112 175 2175 ἔνι
195 2089 286 2183 οὗτος
305 2115 390 2194 παρά
411 2108 572 2197 τηςήμιδν
595 2115 791 2200 μιτριότητος
811 2114 953 2194 πράττειν
976 2111 1019 2184 εὶς
1041 2115 1077 2177 σί
1098 2123 1168 2188 πάν,
1191 2109 1264 2198 ὅπερ
1280 2112 1347 2198 δχτι

127 2228 175 2295 ἀπ’
203 2229 309 2303 ἀδείας
334 2241 518 2308 κανονικιθς,
550 2236 604 2296 καί
635 2233 670 2294 τά
698 2235 938 2315 τοιουτοτρότως
969 2235 1128 2314 γινόμενον
1156 2229 1228 2316 παρ’
1256 2229 1350 2297 αότοό

126 2351 248 2421 πάντας
276 2351 381 2434 μόλλει
408 2355 546 2433 στίργιιν
573 2347 826 2434 δμολογουμίνως
852 2333 907 2412 καί
931 2345 952 2433 ή
981 2353 1140 2435 μετριότης
1165 2347 1267 2436 ήμῶν,
1297 2356 1352 2415 καί

128 2464 220 2531 οόδδν
241 2465 377 2540 οόδόλιος
405 2469 526 2551 μίλλτις
554 2465 691 2551 εὑρήσειν
719 2467 779 2532 ἀπὸ
806 2477 860 2553 τής
887 2458 974 2552 ήμῶν
1002 2472 1196 2553 μιτριότητος
1223 2471 1277 2553 τήν
1298 2490 1352 2532 τυ·

129 2593 252 2669 χουσαν
274 2587 438 2669 βοήθιιαν,
465 2583 518 2650 δάν
538 2585 613 2656 ἴσως
635 2595 735 2671 ρανης
757 2583 890 2668 ἀπειθής
915 2589 970 2648 καί
997 2557 1206 2658 ἀνυπότακτος
1232 2585 1276 2658 τίς
1302 2589 1354 2662 τόν

126 2693 345 2788 διαληρθίντα
372 2704 596 2789 μητροπολίτην
624 2723 694 2767 σου·
726 2712 873 2787 συντηροό
901 2707 1004 2767 τοίνυν,
1026 2703 1186 2788 τίρηντόων
1212 2707 1294 2768 κατά
1319 2707 1354 2769 τό

126 2821 226 2899 εἰκάς,
247 2825 302 2885 καί
321 2827 402 2886 ποίει
425 2823 624 2906 ἀμεταθέτως
648 2820 703 2885 καὶ
730 2819 959 2908 ἀπαραιτήτως,
986 2825 1096 2895 καθὼς
1121 2826 1278 2909 -γράρομιν
1299 2831 1355 2888 καί

40 2921 42 2924 ’
125 2945 380 3025 παρτγγοιόμεθα
401 2953 439 3026 τη
461 2939 624 3027 θτοριλείιρ
646 2927 702 3004 σου
724 2941 776 3005 δἰἀ
798 2950 852 3006 τοῦ
872 2944 1031 3025 παρόντος
1050 2945 1245 3026 γράμματος,
1272 2940 1358 3006 ἀντι·

129 3065 321 3147 στραρόντος
335 3059 374 3124 δι’
391 3059 573 3146 ἀσφαλείας.
588 3056 607 3144 ή
624 3064 715 3144 χάρις
725 3069 779 3123 τοῦ
790 3063 869 3125 θεοῦ
881 3061 928 3144 εἴη
941 3064 1018 3143 ρατά
1029 3070 1083 3145 της
1095 3063 1275 3146 θτυριλείας
1290 3069 1357 3126 σου.

67 3207 70 3214 ’
143 3211 146 3215 .
222 3147 383 3262 Ἀπτλόθη
416 3189 454 3263 τη
488 3177 513 3259 β’
545 3185 598 3240 τοῦ
628 3197 647 3251 ς
672 3201 697 3240 ω
723 3180 740 3256 ξ
764 3179 909 3261 δευτόρυυ
942 3178 1038 3249 ἔτους.
1072 3177 1138 3264 δπεί
1163 3181 1198 3243 δδ
1224 3179 1358 3268 ἀνετέθη

133 3303 223 3383 παρὰ
249 3309 303 3384 της
329 3297 415 3383 ήμῶν
448 3299 642 3381 μετριότητος
668 3295 685 3360 ό
712 3297 953 3383 θεοφιλέστατος
979 3301 1174 3380 κανστρίσιος
1200 3309 1254 3384 της
1282 3288 1361 3376 καθ’

7 3463 12 3472 .
132 3415 221 3502 ἡμᾶς
243 3414 414 3500 ἁγιωτάτης
436 3425 490 3480 τοῦ
512 3419 589 3480 θεοῦ
606 3417 744 3500 μεγάλης
760 3414 931 3501 δκκλησίας
946 3420 1000 3479 καί
1023 3397 1215 3504 σκευορόλαξ
1229 3427 1283 3481 του
1306 3413 1359 3480 τό·

132 3543 232 3612 αγοῖις
256 3537 417 3615 βασιλικοῦ
438 3535 564 3619 κλήρου,
592 3532 750 3618 ἀγαπητός
770 3537 859 3598 κατὰ
885 3545 1003 3619 πνεῦμα
1024 3533 1087 3606 υἱός
1114 3545 1168 3620 τῆς
1193 3533 1279 3620 ήμῶν
1302 3557 1360 3620 με-

131 3659 302 3740 τριότητος,
325 3662 382 3737 κόρ
404 3653 553 3736 Γιάργιος
576 3652 592 3718 ό
616 3653 781 3738 Περδίκης,
804 3653 859 3718 καὶ
881 3654 1011 3740 ἔξαρχος
1033 3660 1088 3718 καί
1110 3655 1220 3738 δικαίῳ
1243 3666 1298 3741 της
1319 3653 1359 3741 ή

135 3784 204 3858 μῶν
226 3776 430 3858 μετριότητος,
451 3771 502 3834 ἵνα
525 3776 606 3835 κατά
628 3775 699 3844 τούς
722 3771 1001 3858 ἐκκλησιαστικοὺς
1023 3775 1162 3856 θεσμοός
1175 3776 1291 3859 ποιήοη
1307 3778 1362 3860 τήν

136 3891 359 3974 ἀγκαθίδρυσιν
386 3899 438 3954 τοῦ
471 3889 635 3974 ἱερωτάτου
661 3888 829 3974 ἀρχιερέως
856 3889 978 3973 Κοέβου
1008 3889 1063 3953 καὶ
1095 3893 1197 3975 πάσης
1223 3889 1361 3969 Ῥωσίας,
1398 3967 1400 3972 Ι

135 4017 197 4092 κῠρ
218 4009 365 4084 Ἀλιξίοο,
389 4006 490 4075 όντινιι
511 4007 565 4072 καὶ
588 4007 629 4080 ἀς
651 4010 756 4092 κριτήν
780 4013 950 4092 στέργουσα
972 4013 1089 4091 πάμπει·
1105 4006 1125 4094 ή
1142 4009 1362 4098 μετριότηςή-

139 4140 220 4216 μων,
251 4128 486 4211 παραδηλυυμτν
517 4127 586 4191 ίδοό
612 4139 650 4212 τῇ
676 4131 840 4212 θεοφιλεία
868 4150 937 4204 σου,
967 4127 1019 4190 ἵνα
1050 4124 1231 4216 ἀποδέξηται
1257 4141 1364 4197 τοῦτον

139 4255 221 4334 μιτά
234 4257 289 4332 της
302 4248 518 4330 προσηκούσης
532 4257 620 4332 τιμῆς
634 4251 688 4310 καί
704 4245 840 4331 ἀγάπης·
857 4245 876 4332 ή
893 4253 953 4331 γὰρ
967 4249 1042 4331 πρός
1058 4245 1149 4311 αὐτόν
1164 4253 1234 4335 τιμή
1251 4251 1294 4323 τίς
1310 4253 1364 4335 τήν

139 4369 227 4456 ήμόν
242 4369 424 4454 μετριότητα
439 4365 600 4446 διαβαίνει,
615 4369 670 4428 καί
686 4365 754 4450 ἔχει
769 4369 822 4449 τήν
838 4365 1004 4451 ἀναφορὰν,
1020 4372 1075 4430 καί
1089 4369 1211 4451 μόλλτις
1225 4363 1370 4453 ποιήσειν

139 4493 194 4581 μιαί
210 4488 255 4560 τίς
270 4491 359 4548 τοῦτο
374 4492 500 4565 πρᾶγμα
519 4483 562 4554 τίς
581 4483 696 4565 πολλήν
717 4481 874 4568 ἀποδοχήν
894 4495 947 4568 της
967 4483 1052 4568 ήμῶν
1074 4491 1268 4570 μετριότητος
1292 4493 1320 4566 †.
